@article{HofmeyrPE2018,
	author={D. P. Hofmeyr and N. G. Pavlidis and I. A. Eckley},
	title={Minimum Spectral Connectivity Projection Pursuit},
	journal={Statistics and Computing},
	year={2018},
}
	%doi={10.1007/s11222-018-9814-6},

@article{Hofmeyr2017,
	author={D. P. Hofmeyr},
	journal={{IEEE} Transactions on Pattern Analysis and Machine Intelligence},
	title={Clustering by Minimum Cut Hyperplanes},
	year={2017},
	volume={39},
	number={8},
	pages={1547-1560},
}
	%doi={10.1109/TPAMI.2016.2609929}


@article{Zhang2001,
  title={Dependence of clustering algorithm performance on clustered-ness of data},
  author={Zhang, B.},
  journal={HP Labs Technical Report HPL-2001-91},
  year={2001},
}

  %publisher={Hewlett-Packard Laboratories},
  %url = {http://citeseerx.ist.psu.edu/viewdoc/download?doi=10.1.1.84.285&rep=rep1&type=pdf}


@InProceedings{AckermanB2009,
  title = 	 {Clusterability: A Theoretical Study},
  author = 	 {Margareta Ackerman and Shai Ben-David},
  booktitle = 	 {Proceedings of the Twelth International Conference on Artificial Intelligence and Statistics},
  pages = 	 {1--8},
  year = 	 {2009},
  editor = 	 {David van Dyk and Max Welling},
  volume = 	 {5},
  series = 	 {Proceedings of Machine Learning Research},
  address = 	 {Hilton Clearwater Beach Resort, Clearwater Beach, Florida USA},
  month = 	 {16--18 Apr},
  publisher = 	 {PMLR},
  pdf = 	 {http://proceedings.mlr.press/v5/ackerman09a/ackerman09a.pdf},
  url = 	 {http://proceedings.mlr.press/v5/ackerman09a.html},
}


@article{lewis2013nonsmooth,
  title={Nonsmooth optimization via quasi-Newton methods},
  author={Lewis, Adrian S and Overton, Michael L},
  journal={Mathematical Programming},
  pages={1--29},
  year={2013},
  publisher={Springer}
}



@inproceedings{HofmeyrP2015,
	author={D. P. Hofmeyr and N. G. Pavlidis},
	booktitle={2015 {IEEE} Symposium Series on Computational Intelligence},
	title={Maximum Clusterability Divisive Clustering},
	year={2015},
	pages={780-786},
}
	%month={Dec}
%	doi={10.1109/SSCI.2015.116},
%	ISSN={},

@book{nocedal2006numerical,
	title={Numerical optimization},
	author={Nocedal, Jorge and Wright, Stephen},
	year={2006},
	publisher={Springer Science \& Business Media}
}

@inproceedings{Weiss1999, 
         author={Y. Weiss}, 
         title={Segmentation using eigenvectors: a unifying view}, 
         booktitle={Proceedings of the 7th {IEEE} International 
Conference on Computer Vision},
         volume={2},
         pages={975--982}, 
         year={1999}
}


@article{zhao2004empirical,
  title={Empirical and theoretical comparisons of selected criterion functions for document clustering},
  author={Zhao, Ying and Karypis, George},
  journal={Machine Learning},
  volume={55},
  number={3},
  pages={311--331},
  year={2004},
  publisher={Springer}
}


@inproceedings{narayanan2006relation,
  title={On the relation between low density separation, spectral clustering and graph cuts},
  author={Narayanan, Hariharan and Belkin, Mikhail and Niyogi, Partha},
  booktitle={Advances in Neural Information Processing Systems},
  pages={1025--1032},
  year={2006}
}

@article{wolfe1972convergence,
  title={On the convergence of gradient methods under constraint},
  author={Wolfe, Philip},
  journal={IBM Journal of Research and Development},
  volume={16},
  number={4},
  pages={407--411},
  year={1972},
  publisher={IBM Corp.}
}

@article{huber1985projection,
  title={Projection pursuit},
  author={Huber, Peter J},
  journal={The annals of Statistics},
  pages={435--475},
  year={1985},
  publisher={JSTOR}
}

@inproceedings{venkatasubramanian2011,
  title={The Johnson-Lindenstrauss Transform: An Empirical Study.},
  author={Venkatasubramanian, S. and Wang, Q.},
  booktitle={ALENEX},
  pages={164--173},
  year={2011},
  organization={SIAM}
}

@article{weyl1912,
  title={Das asymptotische Verteilungsgesetz der Eigenwerte linearer partieller Differentialgleichungen (mit einer Anwendung auf die Theorie der Hohlraumstrahlung)},
  author={H. Weyl},
  journal={Mathematische Annalen},
  volume={71},
  number={4},
  pages={441--479},
  year={1912},
  publisher={Springer}
}


@incollection{XuNLS2004,
	title = {Maximum Margin Clustering},
	author = {Linli Xu and James Neufeld and Bryce Larson and Schuurmans, Dale},
	booktitle = {Advances in Neural Information Processing Systems 17},
	editor = {L. K. Saul and Y. Weiss and L. Bottou},
	pages = {1537--1544},
	year = {2004},
	publisher = {MIT Press},
	url = {http://papers.nips.cc/paper/2602-maximum-margin-clustering.pdf}
}


@article{ZhangTK2009,
	author={K. Zhang and I.~W. Tsang and J.~T. Kwok},
	title={Maximum margin clustering made practical},
	journal={{IEEE} Transactions on Neural Networks},
	volume={20},
	number={4},
	pages={583--596},
	year={2009},
	publisher={IEEE},
	doi = {10.1109/TNN.2008.2010620}
}


@inproceedings{yan2009fast,
  title={Fast approximate spectral clustering},
  author={D. Yan and L. Huang and M. I. Jordan},
  booktitle={Proceedings of the 15th ACM SIGKDD international conference on Knowledge discovery and data mining},
  pages={907--916},
  year={2009},
  organization={ACM}
}


@book{hartigan1975clustering,
  title={Clustering algorithms},
  author={J. A. Hartigan},
  year={1975},
  publisher={John Wiley \& Sons, Inc.}
}

@article{leisch2006,
  title={A toolbox for k-centroids cluster analysis},
  author={F. Leisch},
  journal={Computational Statistics \& Data Analysis},
  volume={51},
  number={2},
  pages={526--544},
  year={2006},
  publisher={Elsevier}
}

@article{lancaster1964,
  title={On eigenvalues of matrices dependent on a parameter},
  author={P. Lancaster},
  journal={Numerische Mathematik},
  volume={6},
  number={1},
  pages={377--387},
  year={1964},
  publisher={Springer}
}

@InCollection{Lucas1992,
  author = 	 {Lucas, A.},
  title = 	 {Updating scorecards: removing the mystique},
  booktitle = 	 {Credit Scoring and Credit Control},
  pages = 	 {180--197},
  publisher = {Clarendon: Oxford},
  year = 	 {1992},
  editor = 	 {L.C. Thomas and J.N. Crook and D.B. Edelman}
}

@book{SuttonB1998,
	author = {Sutton, R. S. and Barto, A. G.},
	title = {Reinforcement Learning: An Introduction},
	publisher = {MIT Press},
	address = {Cambridge, MA},
	year = {1998}
}

@techreport{ShibayevAH2006,
	author = {S. V. Shibayev and N. M. Adams and D. J. Hand},
	title = {State--of--the--art in Action Choice to Maximize Rewards with
		Complete Data},
	institution = {Imperial College London},
	year = {2006},
	month = {September}
}

@article{Klotz1995,
	author = {J. H. Klotz},
	title = {Updating simple linear regression},
	journal = {Statistica Sinica},
	volume = {5},
	pages = {399--403},
	year = {1995}
}

@inproceedings{YiSJJFB2000,
	author = {B.-K. Yi and N. Sidiropoulos and T. Johnson 
		and H. V. Jagadish and C. Faloutsos and A. Biliris},
	title = {Online Data Mining for Co-Evolving Time Sequences},
	booktitle = {{ICDE}},
	pages = {13--22},
	year = {2000},
}

@book{Kaelbling1993,
	author = {L. P. Kaelbling},
	title = {Learning in Embedded Systems},
	publisher = {MIT Press},
	address = {Cambridge, MA},
	year = {1993}
}

@book{Haykin1996,
	author = {S. Haykin},
	title = {Adaptive Filter Theory},
	publisher = {Prentice-Hall International},
	edition = {3rd},
	year = {1996}
}

@book{Haykin1999,
	author = {S. Haykin},
	title = {Neural Networks: A comprehensive foundation},
	publisher = {Prentice-Hall International},
	edition = {2nd},
	year = {1999}
}

@book{Kailath1980,
	author = {T. Kailath},
	title = {Linear Systems},
	publisher = {Prentice-Hall},
	address = {Englewood Cliffs},
	year = {1980}
}

@article{Robbins1952,
   author =   {H. Robbins},
   title =  {Some Aspects of the Sequential Design of Experiments},
   journal =  {Bulletin of the American Mathematical Society},
   volume = {55},
   year =   {1952},
   pages =  {527--535}
}

@article{YangZ2002,
	author = {Y. Yang and D. Zhu},
	title = {Randomized Allocation with Nonparametric Estimation for a Multi-Armed Bandit Problem with Covariates},
	journal = {The Annals of Statistics},
	volume = {30},
	number = {1},
	month = {February},
	pages = {100--121},
	year = {2002}
}

@phdthesis{Watkins1989,
	author = {C. J. C. H. Watkins},
	title = {Learning from Delayed Rewards},
	school = {Cambridge University},
	year = {1989}
}

@book{Weisberg1980,
	author = {S. Weisberg},
	title = {Applied Linear Regression},
	publisher = {John Wiley \& Sons},
	year = {1980}
}

@inproceedings{AwerbuchK2004,
	author = {B. Awerbuch and R. Kleinberg},
	title = {Adaptive Routing with End--to--End feedback: Distributed Learning and Geometric Approaches},
	booktitle = {36th {ACM} Symposium on Theory of Computing ({STOC} 2004)},
	pages = {45--53},
	year = {2004}
}


@article{HardwickS2002,
	author = {J. P. Hardwick and Q. F. Stout},
	title = {Optimal few-stage designs},
	journal = {Journal Statistical Planning and Inference},
	volume = {104},
	number = {1},
	year = {2002},
	pages = {121--145}
}

@proceedings{HardwickmS1991,
	author = {J. P. Hardwick and Q. F. Stout},
	title = {Bandit Strategies for Ethical Sequential Allocation},
	booktitle = {Computing Science and Statistics},
	volume = {23},
	pages = {421--424},
	publisher = {Wiley},
	address = {New York},
	year = {1991}
}

@inproceedings{VermorelM2005,
	author = {J. Vermorel and M. Mohri},
	title = {Multi-armed Bandit Algorithms and Empirical Evaluation},
	booktitle = {Lecture Notes in Artificial Intelligence},
	volume = {3720},
	editor = {J. Gama and R. Camacho and P.  Brazdil and A. Jorge and L. Torgo},
	publisher = {Springer--Verlag},
	address = {Berlin Heidelberg},
	pages  = {437--448},
	year = {2005}
}

@article{Viscusi1979,
	author = {W. K. Viscusi},
	title = {Job hazards and worker quit rates},
	journal = {International Economic Review},
	volume = {20},
	pages = {29--58},
	year = {1979}
}

@article{MacreadyW1998,
	author = {W. G. Macready and D. H. Wolpert},
	title = {Bandit Problems and the Exploration/Exploitation Tradeoff},
	journal = {{IEEE} Transactions on Evolutionary Computation},
	volume = {2},
	number = {1},
	pages = {2--22},
	year = {1998}
}

@inproceedings{PavlidisTH_uksim2008,
	author = {N. G. Pavlidis and D. K. Tasoulis and D. J. Hand},
	title = {Simulation studies of Multi-Armed Bandits with Covariates},
	booktitle = {Proceedings of the EUROSIM/UKSim 2008},
	publisher = {IEEE},
	year = {2008}
}


@inproceedings{DaviesMPE2013,
	author={Davies, R. and Mihaylova, L. and Pavlidis, N. and Eckley, I.}, 
	booktitle={Sensor Data Fusion: Trends, Solutions, Applications (SDF), 2013 Workshop on}, 
	title={The effect of recovery algorithms on compressive sensing background subtraction}, 
	year={2013}, 
	month={Oct}, 
	pages={1-6}, 
	doi={10.1109/SDF.2013.6698258},
}


@book{ljung1983tap,
	title={{Theory and Practice of Recursive Identification}},
	author={Ljung, L. and S{\"o}derstr{\"o}m, T.},
	year={1983},
	publisher={MIT Press Cambridge, Mass}
}


@book{benveniste1990aaa,
	title={{Adaptive algorithms and stochastic approximations}},
	author={Benveniste, A. and Priouret, P. and M{\'e}tivier, M.},
	year={1990},
	publisher={Springer-Verlag New York, Inc. New York, NY, USA}
}

@article{cho1991tvs,
	title={{Time-varying spectral estimation using {AR} models with variable forgetting factors}},
	author={Y. S. Cho and S. B. Kim and E. J. Powers},
	journal={Signal Processing, IEEE Transactions on [see also Acoustics, Speech, and Signal Processing, IEEE Transactions on]},
	volume={39},
	number={6},
	pages={1422--1426},
	year={1991}
}

@book{johnson1988lap,
	title={{Lectures \& Adaptive Parameter Estimation}},
	author={C. R. Johnson},
	year={1988},
	publisher={Prentice-Hall, Inc. Upper Saddle River, NJ, USA}
}

@article{andersson1985afr,
	title={{Adaptive forgetting in recursive identification through multiple models}},
	author={Andersson, P.},
	journal={International Journal of Control},
	volume={42},
	number={5},
	pages={1175--1194},
	year={1985},
	publisher={Springer}
}

@article{campi1997pri,
	title={{Performance of RLS identification algorithms with forgetting factor: A-mixing approach}},
	author={M. Campi},
	journal={J. of Mathematical Systems, Estimation and Control},
	pages={29--53},
	year={1997}
}

@article{ljung1990aat,
	title={{Adaptation and tracking in system identification\u2014a survey}},
	author={L. Ljung and S. Gunnarsson},
	journal={Automatica (Journal of IFAC)},
	volume={26},
	number={1},
	pages={7--21},
	year={1990},
	publisher={Pergamon Press, Inc. Tarrytown, NY, USA}
}

@article{AbeBL2003,
	title = {Reinforcement Learning with Immediate Rewards and Linear Hypotheses},
	author = {N. Abe and A. W. Biermann and P. M. Long},
	journal = {Algorithmica},
	volume = {37},
	number = {4},
	year = {2003},
	pages = {263--293}
}

@inproceedings{Auer2000,
	author = {P. Auer},
	title = {An improved algorithm for learning linear evaluation functions},
	booktitle = {Thirteenth Annual Conference on Computational Learning Theory ({COLT} 2000)},
	editor    = {Nicol{\`o} Cesa-Bianchi and Sally A. Goldman},
	publisher = {Morgan Kaufmann},
	pages     = {118--125},
	year = {2000}
}


@inproceedings{LangfordZ2008,
	title = {The Epoch--Greedy Algorithm for Multi-armed Bandits with Side Information},
	author = {John Langford and Tong Zhang},
	booktitle = {Advances in Neural Information Processing Systems 20},
	editor = {J.C. Platt and D. Koller and Y. Singer and S. Roweis},
	publisher = {MIT Press},
	address = {Cambridge, MA},
	pages = {817--824},
	year = {2008}
}

@inproceedings{KakadeST2008,
	author = {S. M. Kakade and S. Shalev-Shwartz and A. Tewari},
	title = {Efficient Bandit Algorithms for Online Multiclass Prediction},
	booktitle = {25th International Conference on Machine Learning},
	year = {2008}
}

@inproceedings{StrehlMLH2007,
	author = {A. L. Strehl and C. Mesterharm and M. L. Littman and H. Hirsh},
	title = {Experience-Efficient Learning in Associative Bandit Problems},
	booktitle = {23rd International Conference on Machine Learning},
	pages = {889--896},
	editor = {W. W. Cohen and A. Moore},
	publisher = {{ACM}},
	year = {2006}
}

@inproceedings{LangfordSW2008,
	author = {J. Langford and A. Strehl and J. Wortman},
	title = {Exploration Scavenging},
	booktitle = {25th International Conference on Machine Learning},
	editor    = {W. W. Cohen and A. McCallum and S. T. Roweis},
	publisher = {ACM},
	pages = {528--535},
	year = {2008}
}

@article{Auer2002,
	author = {P. Auer},
	title = {Using Confidence Bounds for Exploitation--Exploration Trade--offs},
	journal = {Journal of Machine Learning Research},
	volume = {3},
	year = {2002},
	pages = {397--422}
}

@inproceedings{AuerCBFS1995,
	author = {P. Auer and N. Cesa-Bianchi and Y. Freund and R. E. Schapire},
	title = {Gambling in a rigged casino: The adversarial multi-armed bandit problem},
	booktitle = {36th Annual Symposium on Foundations of Computer Science},
	pages = {322--331},
	year = {1995}
}

@techreport{AuerCBFS1998,
	author = {P. Auer and N. Cesa-Bianchi and Y. Freund and R. E. Schapire},
	title = {Gambling in a rigged casino: The adversarial multi-armed bandit problem},
	institution = {Royal Holloway, University of London},
	number = {NC2-TR-1998-025},
	year = {1998}
} 

@book{Holland1992,
	author = {J. Holland},
	title = {Adaptation in natural and artificial systems},
	publisher = {MIT Press/Bradford Books},
	address = {Cambridge},
	year = {1992}
}

@techreport{BergemannV2006,
	author = {D. Bergemann and J. V{\"a}lim{\"a}ki},
	title = {Bandit Problems},
	institution = {HECER -- Helsinki Center of Economic Research,  University of Helsinki},
	year = {2006}
}

@article{AuerCBF2002,
	author = {P. Auer and N. Cesa-Bianchi and P. Fischer},
	title = {Finite-time analysis of the multi-armed bandit problem},
	journal = {Machine Learning},
	volume = {47},
	number = {2--3},
	pages = {235--256},
	year = {2002}
}

@inproceedings{AudibertMS2007,
	author = {J.-Y. Audibert and R. Munos and C. Szepesv{\'a}ri},
	title = {Tuning Bandit Algorithms in Stochastic Environments},
	booktitle = {Algorithmic Learning Theory},
	year = {2007},
	pages = {150--165}
}


@inproceedings{GarivierM2008,
	author = {A. Garivier and E. Moulines},
	title = {On Upper­Confidence Bound Policies for Non­Stationary Bandit Problems},
	booktitle = {European Workshop on Reinforcement Learning},
	year = {2008}
}

@inproceedings{KoczisS2006,
	author = {L. Kocsis and C. Szepesv{\'a}ri},
	title = {Discounted UCB}, 
	booktitle = {2nd {PASCAL} Challenges Workshop},
	year= {2006}
}

@article{AuerCBFS2002,
	author = {P. Auer and N. Cesa-Bianchi and N. Freund and R. E. Schapire},
	title = {The nonstochastic multiarmed bandit problem},
	journal = {{SIAM} Journal on Computing},
	volume = {32},
	number = {1},
	pages = {48--77}, 
	year = {2002}
}

@article{WangKP2005,
	author = {C.-C. Wang and S. R. Kulkarni and H. V. Poor},
	title = {Bandit Problems With Side Observations},
	journal = {{IEEE} Transactions on Automatic Control},
	volume = {50},
	number = {3},
	year = {2005}
}

@inproceedings{BiermannL1996,
	author = {A. W. Biermann and P. M. Long},
	title = {The composition of messages in speech-graphics interactive systems},
	booktitle = {International Symposium on Spoken Dialogue},
	pages = {97--100},
	publisher = {Acoustical Society of Japan},
	year = {1996}
}

@inproceedings{HoangLV1996,
	author = {D. T. Hoang and P. M. Long and J. S. Vitter},
	title = {Efficient cost measures for motion compensation at low bit rates},
	booktitle = {{IEEE} Data Compression Conference},
	pages = {102--111},
	year = {1996}
}

@article{LaiR1985,
	author = {T. L. Lai and H. Robbins},
	title = {Asymptotically efficient adaptive allocation rules},
	journal = {Advances in Applied Mathematics},
	volume = {6},
	pages = {4--22},
	year = {1985}
}

@article{Kaelbling1994,
	author = {L. P. Kaelbling},
	title = {Associative reinforcement learning: A generate and test algorithm},
	journal = {Machine Learning},
	volume = {15},
	number = {3},
	pages = {299--319},
	year = {1994}
}

@book{Macchi1995,
	author = {O. Macchhi},
	title = {Adaptive Processing: {T}he {LMS} Approach with Applicationsin Transmission},
	year = {1995},
	publisher = {Wiley},
	address = {New York}
}

@article{EvendarMM2006,
	author = {E. Even-dar and S. Mannor and Y. Mansour},
	title = {Action elimination and stopping conditions for the multi-armed bandit and reinforcement learning problems},
	year= {2006},
	journal = {Journal of Machine Learning Research},
	volume = {7},
	month = {June},
	pages = {1079--1105}
}

@inproceedings{HartlandGBTS2006,
	title = {Multi-Armed Bandit, Dynamic Environments and Meta-Bandits},
	author = {Hartland, C and S Gelly and N Baskiotis and O Teytaud and M Sebag},
	booktitle = {Neural Information Processing Systems Conference, NIPS(2006)},
	year = {2006}
}


@article{KilianT2003,
	author = {Mark P. Taylor and Lutz Kilian},
	title = {Why Is It So Difficult to Beat the Random Walk Forecast of Exchange Rates?},
	journal = {Journal of International Economics},
	volume = {60},
	pages = {85--107},
	year = {2003}
}

@article{Terasvirta1994,
	author = {T. Ter\"{a}svirta},
	title = {Specification, Estimation, and Evaluation of Smooth Transition Autoregressive Models},
	journal = {Journal of the American Statistical Association},
	volume = {89},
	pages = {208--218},
	year = {1994}
}


@book{GrangerT1993,
	author = {Clive W. J. Granger and T. Ter\"asvirta},
	title ={Modelling Nonlinear Economic Relationships},
	publisher = {Oxford University Press},
	year = {1993}
}

@article{Terasvirta1994b,
	author = {T. Ter\"{a}svirta},
	title = {Testing Linearity and Modelling Nonlinear Time Series},
	journal = {Kybernetika},
	volume = {30},
	pages = {319--330},
	year = {1994}
}

@article{GallagherT2001,
	author={Liam A. Gallagher and Mark P. Taylor},
	title={Risky Arbitrage, Limits of Arbitrage, and Nonlinear Adjustment in the Dividend--Price Ratio},
	journal={Economic Inquiry},
	volume={39},
	pages={524--36},
	year={2001}
}

@article{McMillanS2002,
	author={David G. {McMillan} and Alan E. H. Speight},
	title={Non-Linear Dynamics in High Frequency Intra-Day Financial Data: {E}vidence for the {UK} Long Gilt Futures Market}, 
	journal={Journal of Futures Markets}, 
	volume={22}, 
	pages={1037--1057},
	year = {2002}
}

@article{MichaelNP1997,
	author = {P. Michael and A. Robert Nobay and David A. Peel},
	title = {Transactions Costs and Nonlinear Adjustment in Real Exchange Rates: {A}n Empirical Investigation},
	journal = {Journal of Political Economy},
	volume = {105},
	pages = {862--879},
	year = {1997}
}

@article{DijkTH2002,
	title = {SMOOTH TRANSITION AUTOREGRESSIVE MODELS A SURVEY OF RECENT DEVELOPMENTS },
	volume = {21},
	number = {1},
	journal = {Econometric Reviews},
	author = {Dick van Dijk and Timo Ter\"{a}svirta and Philip Hans Franses},
	year = {2002},
	pages = {1--47}
}

@article{RumelhartHW1986a,
	author = {D. E. Rumelhart and G. E. Hinton and R. J. Williams},
	title = {Learning Representations of Back-propagation errors},
	journal = {Nature},
	year = {1986},
	pages = {533--536},
	volume = {323}
}

@inproceedings{KellyHA1999,
	author = {M. G. Kelly and D. J. Hand and N. M. Adams},
	title = {The Impact of Changing Populations on Classifier Performance},
	booktitle = {Proceedings of the 5th ACM SIGKDD International Conference on Knowledge Discovery and Data Mining},
	pages = {367--371},
	editor = {S. Chaudhuri and D. Madigan},
	publisher = {AAAI Press},
	year = {1999}
}

@article{BalakrishnanM2008,
	author = {S. Balakrishnan and D. Madigan},
	title = {Algorithms for Sparse Linear Classifiers in the Massive Data Setting},
	journal = {Journal of Machine Learning Research},
	volume = {9},
	pages = {313--337},
	year = {2008}
}

@article{Hand2006,
	author = {D. J. Hand},
	title = {Classifier technology and the illusion of progress},
	journal = {Statistical Science},
	volume = {21},
	number = {1},
	pages = {1--34},
	year = {2006}
}

@inproceedings{MagoulasPTV2004,
	author = {G. Magoulas and V. P. Plagianakos and D. K. Tasoulis and M. N. Vrahatis},
	title = {Tumor detection in colonoscopy using the unsupervised $k$--windows clustering
		algorithm and neural networks},
	booktitle = {Fourth European Symposium on ``Biomedical Engineering''},
	year= {2004}
}

@article{Haralick1979,
	author = {R. M. Haralick},
	title = {Statistical and structural approaches to texture},
	journal = {Proceedings of the IEEE},
	volume = {67},
	number = {5},
	pages = {786--804},
	year = {1979}
}

@inproceedings{RodriguezJ2008,
	author = {R. Alaiz-Rodr{\'i}guez and Nathalie Japkowicz},
	title = {Assessing the Impact of Changing Environments on Classifier Performance},
	booktitle = {Advances in Artificial Intelligence, Lecture Notes in Computer Science},
	editor = {S. Bergler},
	volume = {5032},
	pages = {13--24},
	publisher = {Springer-Verlag},
	address  = {Berlin / Heidelberg},
	year = {2008}
}

@article{KarkanisMT2000,
	author = {S. A. Karkanis and G. D. Magoulas and N. Theofanous},
	title = {Image recognition and neuronal networks: Intelligent systems 
		for the improvement of imaging information},
	journal = {Minimal Invasive Therapy \& Allied Technologies},
	volume = {9},
	number = {3--4},
	pages = {225--230},
	year = {2000}
}
		

@book{BenvenisteMP1990,
	author = {A. Benveniste and M. M{\'e}tivier and P. Priouret},
	title = {Adaptive Algorithms and Stochastic Approximation},
	publisher = {Springer-Verlag},
	address = {New York},
	year = {1990}
}

@inproceedings{BeckerL1989,
	author = {S. Becker and Y. Le~Cun},
	title = {Improving the convergence of backpropagation learning with second
		order methods},
	booktitle = {Proceedings of the 1988 Connectionist Models Summer School},
	pages = {29--37},
	year = {1989},
	editor = {D. Touretzky and G. E. Hinton and T. J. Sejnowski},
}

@article{RiverolaEDMC2007,
	author = {F. Fdez-Riverola and E. L. Iglesias and F. D{\'i}az and J. R. M{\'e}ndez and J. M. Corchado},
	title = {SpamHunting: An instance-based reasoning system for spam labelling and filtering},
	journal = {Decision Support Systems},
	volume = {43},
	number = {3},
	pages = {722--726},
	year = {2007}
}

@article{CrabtreeS1998,
	author = {B. Crabtree and S. J. Soltysiak},
	title = {Identifying and tracking changing interests},
	journal = {International Journal on Digital Libraries},
	volume = {2},
	number = {1},
	pages = {38--53},
	year = {1998}
}

@article{CohenBLKK2008,
	author = {L. Cohen and G. Avrahami-Bakish and M. Last and A. Kandel and O. Kipersztok},
	title = {Real-time data mining of non-stationary data streams from sensor networks},
	journal = {Information Fusion},
	volume = {9},
	number = {3},
	pages = {344--353},
	year = {2008}
}

@article{BlackH2004,
	author = {M. Black and R. Hickey},
	title = {Learning classification rules for telecom customer call data under concept drift},
	journal = {Soft Computing},
	volume = {8},
	number = {2},
	year = {2004},
	pages = {102--108}
}

@article{CrammerDKSS2006,
	author = {K. Crammer and O. Dekel and J. Keshet and S. Shalev-Shwartz and Y. Singer},
	title = {Online Passive-Aggressive Algorithms},
	journal = {Journal of Machine Learning Research},
	volume = {7},
	year = {2006},
	pages = {551--585}
}

@inproceedings{KunchevaP2008,
	author = {L. I. Kuncheva and C. O. Plumpton},
	title = {Adaptive Learning Rate for Online Linear Discriminant Classifiers},
	booktitle = {Lecture Notes in Computer Science},
	editor = {N. da Vitoria Lobo and T. Kasparis and M. Georgiopoulos and F. Roli and J. Kwok
		and G. C. Anagnostopoulos and M. Loog},
	volume = {5342},
	pages = {510--519},
	year = {2008},
}

@article{WidmerK1996,
	author = {G. Widmer and M. Kubat},
	title = {Learning in the presence of concept drift and hidden contexts},
	journal = {Machine Learning},
	volume = {23},
	pages = {60--101},
	year = {1996}
}

@inproceedings{NarasimhamurthyK2007,
	author = {A. Narasimhamurthy and L. I. Kuncheva},
	title = {A framework for generating data to simulate changing environments},
	booktitle = {Proceedings of IASTED International Conference on Artificial Intelligence and Applications},
	pages = {384--389},
	year = {2007}
}

@inproceedings{GarciaCFBGM2006,
	author = {M. Baena-Garc{\'i}a and J. del Campo-{\'A}vila and R. Fidalgo and A. Bifet
		and R. Gavald{\`a} and R. Morales-Bueno},
	title = {Early Drift Detection Method},
	booktitle = {ECML PKDD 2006 Workshop on Knowledge Discovery from Data Streams},
	year = {2006}
}


@techreport{Harries1999,
	author = {M. Harries},
	title = {Splice-2 comparative evaluation: Electricity pricing},
	institution = {University of South Wales},
	year = {1999}
}

@article{IgelH2003,
	author = {C. Igel and M. Husken},
	title = {Empirical evaluation of the improved {R}prop learning algorithms},
	journal = {Neurocomputing},
	volume = {50},
	year = {2003},
	pages = {105--123}
}

@inproceedings{AggarwalCHWY2004,
	author = {C. C. Aggarwal and C. Charu and J. Han and J. Wang and  P. S. Yu},
	title = {On demand classification of data streams},
	booktitle = {KDD '04: Proceedings of ACM SIGKDD International Conference on Knowledge Discovery and Data Mining},
	year = {2004},
	pages = {503--508},
	publisher = {ACM},
	address = {New York, NY, USA},
}

@article{BlackH1999,
	title = "Maintaining the performance of a learned classifier under concept drift",
	journal = "Intelligent Data Analysis",
	volume = "3",
	number = "6",
	pages = "453--474",
	year = "1999",
	author = "M. Black and R. J. Hickey",
}

@article{WhittakerWS2007,
	author = {J. Whittaker and C. Whitehead and M. Somers},
	title = {A dynamic scorecard for monitoring baseline performance with application to tracking a mortgage portfolio},
	journal = {Journal of the Operational Research Society},
	year = {2007},
	pages = {911--921},
	volume = {58},
	number = {7}
}

@book{BassevilleN1993,
	author = {M Basseville and I Nikiforov},
	title = {Detection of abrupt changes: theory and application},
	publisher = {Prentice-Hall},
	year = {1993}
}

@book{HastieTF2001,
	author = {T. Hastie, R.J. Tibshirani and J. Friedman}, 
	title = {The elements of Statistical Learning, Data Mining, Inference and Prediction}, 
	publisher = {Springer, Berlin},
	year= {2001}
}

@incollection{Anderson1982,
	author = {J. A. Anderson},
	title = {Logistic discrimination},
	booktitle = {Handbook of Statistics 2},
	editor = {P.R. Krishnaiah and L.N. Kanal},
	publisher = {North-Holland},
	pages = {169--191},
	year = {1982}
}

@book{Saad1998,
	author = {D. Saad},
	title = {On-line Learning in Neural Networks},
	publisher = {Cambridge University Press},
	year = {1998}
}

@article{Ratcliff1990,
	author = {R. Ratcliff},
	title = {Connectionist models of recognition memory: constraints imposed by learning and forgetting functions},
	journal = {Psychological Review},
	volume = {97},
	pages = {285--308},
	year = {1990}
}

@incollection{Kuncheva2004,
	author = {L. I. Kuncheva},
	title = {Classifier ensembles for changing environments},
	booktitle = {Multiple Classifier Systems},
	series = {Lecture Notes in Computer Science},
	editor = {F. Roli and J. Kittler and T. Windeatt},
	volume = {3077},
	pages = {1--15},
	year = {2004}
}

@inproceedings{BabcockBDMW2002,
	author = {B. Babcock and S. Babu and M. Datar and R. Motwani and J. Widom},
	title = {Models and Issues in Data Streams},
	booktitle = {PODS '02: Proceedings of {ACM} {SIGMOD-SIGACT-SIGART} Symposium on
		Principles of Database Systems},
	year = {2002},
	pages = {1--16},
	publisher = {ACM},
	address = {New York, NY, USA},
}

@book{Niedzwiecki2000,
	author = {M.  Nied{\'z}wiecki},
	title = {Identification of Time-varying Processes},
	year = {2000},
	publisher = {Wiley}
}

@article{KushnerY1995,
	author = {H. Kushner and J. Yang},
	title = {Analysis of Adaptive Step-Size {SA} Algorithms for Parameter Tracking},
	journal = {IEEE Transactions on Automatic Control},
	volume = {40},
	number = {8},
	year = {1995},
	pages = {1403--1410}
}


@inproceedings{Schraudolph1999,
	author = {N. N. Schraudolph},
	title = {Local gain adaptation in stochastic gradient descent},
	booktitle = {Proceedings of the International Conference on Artificial Neural Networks},
	year = {1999},
	pages = {569--574}
}

@article{DekelSS2008,
	author = {O. Dekel and S. Shalev-Shwartz and Y. Singer},
	title = {The Forgetron: a Kernel-Based Perceptron on a Budget},
	journal = {SIAM Journal on Computing},
	year = {2008},
	pages = {1342--1372},
	volume = {37},
	number = {5}
}

@article{Solodov1994,
	author = {O. Mangasarian and M. Solodov},
	title = { Serial and parallel backpropagation convergence via nonmonotone perturbed minimization},
	journal = {Optimization Methods and Software},
	volume = {4},
	year = {1994},
	pages = {103--116}
}

@article{Pearlmutter1994,
	author = {B. A. Pearlmutter},
	title = {Fast exact multiplication by the {H}essian},
	journal = {Neural Computation},
	volume = {6},
	number = {1},
	pages = {147--160},
	year = {1994}
}


@inproceedings{WangFYH2003,
	author = {H. Wang and W. Fan and P. S. Yu and  J. Han},
	title = {Mining Concept-Drifting Data Streams Using Ensemble Classifiers},
	booktitle = {Proceedings of {ACM} {SIGKDD} International Conference on Knowledge Discovery and Data Mining},
	pages = {226--235},
	year = {2003}
}
		                                 1

@inproceedings{HultenSD2001,
	author = {G. Hulten and L. Spencer and P. Domingos},
	title = {Mining Time-Changing Data Streams},
	booktitle = {Proceedings of ACM SIGKDD International Conference on Knowledge Discovery and Data Mining},
	pages = {97--106},
	year = {2001}
}

@article{GoodhartOHara1997,
	author = {C. A. E. Goodhart and M. O'Hara},
	title = {High frequency data in financial markets: {I}ssues and applications},
	journal = {Journal of Empirical Finance},
	volume = {4},
	pages = {73--114},
	year = {1997}
}

@book{Bishop1995,
	author = {C. Bishop},
	title = {Neural Networks for Pattern Recognition},
	publisher = {Clarendon Press},
	address = {Oxford},
	year = {1995}
}

@inproceedings{RiedmillerB93,
	author= {Riedmiller, M. and Braun, H.},
	title ={A Direct Adaptive Method for Faster Backpropagation Learning: The {RPROP} Algorithm},
	booktitle= {IEEE International Conference on Neural Networks, San Francisco, CA},
	year = {1993},
	pages = {586--591}, 
}

@article{Jacobs1988,
	author = {R. A. Jacobs},
	title = {Increased Rates of Convergence Through Learning Rate Adaptation},
	journal = {Neural Networks},
	volume = {1},
	number = {4},
	pages = {295--307},
	year = {1988}
}

@article{Tollenaere1990,
	author = {T. Tollenaere},
	title = {SuperSAB: Fast adaptive back propagation with good scaling properties},
	pages = {561--573},
	journal = {Neural Networks},
	year = {1990},
	volume = {3},
	number = {5}
}

@incollection{Almeida1997,
	author = {L. B. Almeida},
	title = {Multilayer perceptrons},
	booktitle = {Handbook of Neural Computation},
	editor = {E. Fiesler and R. Beale},
	publisher = {Oxford University Press},
	year = {1997}
}

@incollection{SilvaA1990,
	author = {F. M. Silva and d L. B. Almeida},
	title = {Speeding-Up Backpropagation},
	booktitle = {Advanced Neural Computers},
	editor = {R. Eckmiller},
	year = {1990},
	pages = {151--160},
	publisher = {Elsevier}
}

@article{Rosenblatt1958,
	author = {F. Rosenblatt},
	title = {The perceptron: A probabilistic model for information storage 
		and organization in the brain},
	journal = {Psychological Review},
	volume = {65},
	number = {6},
	pages = {386--407},
	year = {1958}
}

@article{MeeseR1983,
	author = {R. Meese and K. Rogoff},
	title = {Empirical exchange rate models of the seventies. {D}o they fit out of sample?},
	journal = {Journal of International Economics},
	volume = {14},
	pages = {3--24},
	year = {1983}
}

@article{BacchettaW2004,
	author = {P. Bacchetta and E. van Wincoop},
	title = {A Scapegoat Model of Exchange-Rate Fluctuations},
	journal = {American Economic Review},
	volume = {94},
	number = {2},
	pages = {114--118},
	year = {2004}
}

@article{Littlestone1988,
	author = {N. Littlestone},
	title = {Learning quickly when irrelevant attributes abound: {A} new linear threshold algorithm},
	journal = {Machine Learning},
	volume = {2},
	pages = {285--318},
	year = {1988}
}

@inproceedings{WestonBB2005,
	author = {J. Weston and A. Bordes and L. Bottou},
	title = {Online (and offline) on an even tighter budget},
	booktitle = {Proceedings of the Tenth International Workshop on Artificial Intelligence and Statistics},
        pages = {413--420},
	year = {2005}
}

@inproceedings{CrammerKS2004,
	author  = {K. Crammer and J. Kandola and Y. Singer},
	title = {Online classification on a budget}, 
	booktitle = {Advances in Neural Information Processing Systems 16},
	pages = {225--232},
	year = {2004}
}


@incollection{AlmeidaLAP1998,
	author = {L. B. Almeida and T. Langlois and J. D. Amaral and A. Plakhov}, 
	title = {Parameter adaptation in stochastic optimization},
	booktitle = {On-Line Learning in Neural Networks}, 
	editor = {D. Saad},
	pages = {111--134}, 
	publisher = {Cambridge University Press}, 
	year = {1999}
}

@inproceedings{Sutton1992,
	author = {R. S. Sutton},
	title = {Gain adaptation beats least beats least squares?},
	booktitle = {Proceedings of the 7th Yale Workshop on Adaptive and Learning Systems},
	pages = {161--166},
	year = {1999}
}


@article{welch1947,
	author={B. L. Welch},
	year={1947},
	title={The generalization of "Student's" problem when several different population variances are involved},
	journal={Biometrika},
	volume={34},
	number={1-2},
	pages={28-35},
}


@incollection{GamaR2007,
	author = {J. Gama and P. Rodrigues},
	title = {Data Stream Processing},
	booktitle = {Learning from Data Streams: Processing Techniques in Sensor Networks},
	editor = {J. Gama and M. Gaber},
	year = {2007},
	publisher = {Springer},
	pages = {25--39}
}

@article{Brooks1998,
	author = {C. Brooks},
	title = {Linear and Non-linear (Non-)Forecastability of High-frequency Exchange Rates},
	journal = {Journal of Forecasting},
	volume = {16},
	number = {2},
	pages = {125--145},
	year = {1998}
}

@article{Hand2005,
	author = {D. J. Hand},
	title = {Good practice in retail credit scorecard assessment},
	journal = {Journal of the Operational Research Society},
	volume = {56},
	number = {9},
	pages ={1109--1117},
	year = {2005}
}

@article{Hand2009,
	author = {D. J. Hand},
	title = {Measuring classifier performance: a coherent alternative 
		to the area under the {ROC} curve},
	journal = {Machine Learning},
	volume = {77},
	number = {1},
	pages = {103--123},
	year = {2009},
	url = {http://www2.imperial.ac.uk/~djhand/R%20CODE%20for%20H%20measure%20of%20classification%20performance.txt}
}

@book{KrzanowskiH2009,
	author = {W. J. Krzanowski and D. J. Hand},
	title = {{ROC} curves for continuous data},
	publisher = {CRC/Chapman and Hall},
	year = {2009}
}

@article{HandH1997,
	author = {D. J. Hand and W. E. Henley},
	title = {Statistical classification methods in consumer credit scoring: a review},
	journal = {Journal of the Royal Statistical Society Series {A}},
	volume = {160},
	number = {3},
	pages = {523--541},
	year = {1997}
}

@article{HandH1993,
        author = {D. J. Hand and W. E. Henley},
        title = {Can reject inference ever work?},
        journal = {{IMA} Journal of Mathematics Applied in Business and Industry},
        volume = {5},
        pages = {45--55},
        year = {1993/4}
}

@article{KellyH1999b,
	author = {M. G. Kelly and D. J. Hand},
	title = {Credit scoring with uncertain class definitions},
	journal = {{IMA} Journal of Mathematics Applied in Business and Industry},
	volume = {10},
	pages = {331--345},
	year = {1999}
}

@inproceedings{AdamsTAH2010,
	author = {N. M. Adams and D. K. Tasoulis and C. Anagnostopoulos and D. J. Hand},
	title = {Temporally-Adaptive Linear Classification for Handling Population Drift in Credit Scoring},
	booktitle = {Proceedings of 19th International Conference on Computational Statistics ({COMPSTAT2010})},
	editor = {Y. Lechevalier},
	pages = {167--176},
	year = {2010}
}


@article{BucheK2005,
	author = {R. Buche and H. Kushner},
	title = {Adaptive Optimization of Least-Squares Tracking Algorithms: With Applications to Adaptive Antenna
		Arrays for Randomly Time-Varying Mobile	Communications Systems},
	journal = {{IEEE} Transactions on Automatic Control},
	volume = {50},
	number = {11},
	year = {2005},
	pages = {1749--1760}
}

@incollection{Hand2001,
	author = {D. J. Hand},
	title = {Reject inference in credit operations},
	booktitle = {Handbook of Credit Scoring},
	editor = {E. Mays},
	publisher = {Glenlake Publishing},
	address = {Chicago},
	pages = {225--240},
	year = {2001}
}

@article{BaesensGVSSV2003,
	author = {B. Baesens and T. Van Gestel and S. Viaene and M. Stepanova and J. Suykens and J. Vanthienen},
	title = {Benchmarking State-of-the-Art Classification Algorithms for Credit Scoring},
	journal = {Journal of the Operational Research Society},
	volume = {54},
	number = {6},
	pages = {627--635},
	year = {2003}
}

@article{Thomas2009,
	author = {L. C. Thomas},
	title = {Consumer finance: challenges for operational research},
	journal = {Journal of the Operational Research Society},
	volume = {61},
	pages = {41--52},
	year = {2009}
}

@article{PavlidisTAH2011,
        author = {N. G. Pavlidis and D. K. Tasoulis and N. M. Adams and D. J. Hand},
        title = {$\lambda$-Perceptron: An Adaptive Classifier for Data-Streams},
        journal = {Pattern Recognition},
        volume = {44},
        number = {1},
        pages = {78--96},
        year = {2011}
}

@article{AnagnostopoulosTAH2010,
	author = {C. Anagnostopoulos and D. K. Tasoulis and N. M. Adams and D. J. Hand},
	title = {Temporally adaptive estimation of logistic classifiers on data streams},
	journal = {Advances in Data Analysis and Classification},
	volume = {3},
	number = {3},
	pages = {243--261},
	year = {2010}
}

@article{HandK2001,
	author = {D. J. Hand and M. G. Kelly},
	title = {Lookahead scorecards for new fixed term credit products},
	journal = {Journal of the Operational Research Society},
	volume = {52},
	number = {9},
	pages = {989--996},
	year = {2001}
}


@inproceedings{BifetG2007,
	author = {A. Bifet and R. Gavald{\`a}},
	title = {Learning from time-changing data with adaptive windowing},
	booktitle = {{SIAM} International Conference on Data Mining},
	pages = {443--448},
	year = {2007}
}

@inproceedings{GamaMCR2004,
	author = {J. Gama and P. Medas and G. Castillo and P. P. Rodrigues},
	title = {Learning with drift detection},
	booktitle = {Lecture Notes in Computer Science},
	volume = {3171},
	pages = {286--295},
	publisher = {Springer},
	year = {2004}
}

@inproceedings{GarciaCF2006,
	author = {M. Baena-Garc{\'i}a and J. Campo-{\'A}vila and R. Fidalgo and A. Bifet and R. Gavald{\`a} and R. Morales-Bueno},
	title = {Early Drift Detection Method},
	booktitle = {{ECML PKDD} Workshop on Knowledge Discovery from Data Streams},
	year = {2006}
}

@article{RossATH2012,
	author = {G. Ross and N. M. Adams and D. K. Tasoulis and D. J. Hand},
	title = {Exponentially weighted moving average charts for detecting concept drift},
	journal = {Pattern Recognition Letters},
	volume = {33},
	pages = {191--198},
	year = {2012}
}

@article{Gama2012,
   author = {J. Gama},
   title = {A survey on learning from data streams: current and future trends},
   journal = {Progress in Artificial Intelligence},
   publisher = {Springer Berlin / Heidelberg},
   pages = {45--55},
   volume = {1},
   number = {1},
   year = {2012}
}

@article{HandLi2002,
	author = {H. G. Li and D. J. Hand},
	title = {Direct versus Indirect Credit Scoring Classifications},
	journal = {Journal of the Operational Research Society},
	volume = {53}, 
	number = {6},
	year = {2002},
	pages = {647--654}
}

@article{RossRA2012,
	author = {G. J. Ross and D. K. Tasoulis and N. M. Adams},
	title = {Sequential monitoring of a {B}ernoulli sequence when the pre-change parameter is unknown},
	journal = {Computational Statistics},
	pages = {in press},
	year = {2012},
	doi = {DOI: 10.1007/s00180-012-0311-7}
}

@inproceedings{HojenSdFF2000,
	author = {H{\o}jen-Sorensen, P.A.d.F.R. and de Freitas, N. and Fog, T.}, 
	booktitle={Neural Networks for Signal Processing {X}, 2000. Proceedings of the 2000 IEEE Signal Processing Society Workshop},
	title={On-line probabilistic classification with particle filters}, 
	year={2000}, 
	month={}, 
	volume={1}, 
	number={}, 
	pages={386--395} 
}

@article{AndrieuFDJ2003,
	author = {C. Andrieu and N. de Freitas and A. Doucet and M. I. Jordan},
	title = {An Introduction to {MCMC} for Machine Learning},
	journal = {Machine Learning},
	volume = {50},
	pages = {5--43},
	year = {2003}
}

@inproceedings{GamaSR2009,
	author = {J. Gama and R. Sebasti{\~a}o and P. P. Rodrigues},
	title = {Issues in evaluation of stream learning algorithms},
	booktitle = {Proceedings of the 15th {ACM} {SIGKDD} International Conference on Knowledge Discovery and Data Mining},
	editor = {J. F. Elder and F. Fogelman-Souli{'e} and P. A. Flach and M. J. Zaki},
	pages = {329--338},
	year = {2009}
}

@article{Hand2012,
	author = {D. J. Hand},
	title = {Assessing the Performance of Classification Methods},
	journal = {International Statistical Review},
	doi = {10.1111/j.1751-5823.2012.00183.x},
	year = {2012}

}

@article{Murata2002743,
	author = "Noboru Murata and Motoaki Kawanabe and Andreas Ziehe and Klaus-Robert M{\"u}ller and Shun-ichi Amari",
	title = "On-line learning in changing environments with applications in supervised and unsupervised learning",
	journal = "Neural Networks",
	volume = "15",
	number = "4--6",
	pages = "743--760",
	year = "2002",
	note = "",
	issn = "0893-6080",
	doi = "10.1016/S0893-6080(02)00060-6"
}


@article{ThomasOH2005,
	author = {L. C. Thomas and R. W. Oliver and D. J. Hand},
	title = {A survey of the issues in consumer credit modelling research},
	journal = {Journal of the Operational Research Society},
	volume = {56},
	number = {9},
	year = {2005},
	pages = {1006--1015}
}

@article{DitzlerP2012,
	author = {Gregory Ditzler and Robi Polikar},
	title = {Incremental Learning of Concept Drift from Streaming Imbalanced Data},
	journal ={{IEEE} Transactions on Knowledge and Data Engineering},
	doi = {http://doi.ieeecomputersociety.org/10.1109/TKDE.2012.136},
	publisher = {{IEEE} Computer Society},
	volume = {99},
	number = {PrePrints},
	issn = {1041-4347},
	year = {2012},
}

@article{Kuncheva2013,
	author = {L. I. Kuncheva},
	title = {Change Detection in Streaming Multivariate Data Using Likelihood Detectors},
	journal = {{IEEE} Transactions on Knowledge and Data Engineering},
	year = {2013},
	volume = {25},
	number = {5},
	pages = {1175--1180},
	year = {2013}
}

@article{CavallantiCBG2007,
	author = {G. Cavallanti and N. Cesa-Bianchi and C. Gentile},
	title = {Tracking the best hyperplane with a simple budget Perceptron},
	journal = {Machine Learning},
	volume = {69},
	number = {2/3},
	year = {2007},
	pages = {143--167}
}


@inproceedings{KennedyDMN2011,
	author = {K. Kennedy and S. J. Delany and B. Mac~Namee},
	title = {A Framework for Generating Data to Simulate Application Scoring},
	booktitle = {Credit Scoring and Credit Control {XII}},
	year = {2011}
}

@article{GordonSS1993,
	author = {N. J. Gordon and D. J. Salmond and A.F.M. Smith},
	title = {Novel approach to nonlinear/non-{G}aussian {B}ayesian state estimation},
	journal = {{IEE} Proceedings -- Radar, Sonar \& Navigation},
	volume = {140},
	number = {2},
	pages = {107--113},
	year = {1993}
}

@article{PittS1999,
	author = {M. K. Pitt and N. Shephard},
	title = {Filtering via Simulation: Auxiliary Particle Filters},
	journal = {Journal of the American Statistical Association},
	year = {1999},
	volume = {94},
	number = {446},
	pages = {590--599}
}

@article{CarpenterCF1999,
	author = {J. Carpenter and P. Clifford and P. Fearnhead},
	title = {Improved particle filter for nonlinear problems},
	journal = {{IEE} Proceedings -- Radar, Sonar \& Navigation },
	volume = {146},
	number = {1},
	pages = {2--7},
	year = {1999}
}

@incollection{DoucetJ2011,
	author = {A. Doucet and A. M. Johansen},
	title = {A Tutorial on Particle filtering and smoothing: Fiteen years later},
	booktitle = {The Oxford Handbook of Nonlinear Filtering},
	editor = {D. Crisan and B. Rozovsky},
	year = {2011},
	publisher = {Oxford University Press},
	year = {2011}
}

@article{LopesT2011,
	author = {H. F. Lopes and R. S. Tsay},
	title = {Particle Filters and Bayesian Inference in Financial Econometrics},
	journal = {Journal of Forecasting},
	volume = {30},
	pages = {168--209},
	year = {2011}
}


@inproceedings{AggarwalHWY2003,
	author = {C. C. Aggarwal and J. Han and J. Wang and P. S. Yu},
	title = {A framework for clustering evolving data streams},
	booktitle = {Proceedings of the 29th international conference on Very large data bases},
	volume = {29},
	pages = {81--92},
	location = {Berlin, Germany},
	publisher = {VLDB Endowment},
	year = {2003}
}

@inproceedings{AggarwalHWY2004a,
	author = {C. C. Aggarwal and J. Han and J. Wang and P. S. Yu},
	title = {A framework for projected clustering of high dimensional data streams},
	booktitle = {Proceedings of the 30th International Conference on Very Large Data Bases},
	volume = {30},
	pages = {852--863},
	publisher = {VLDB Endowment},
	year = {2004}
}

@inproceedings{Wang2006,
	author = {T. Wang},
	title = {Generalized projected clustering in high-dimensional data streams},
	booktitle = {Frontiers of WWW Research and Development-APWeb 2006}, 
	volume={3841},
	series={Lecture Notes in Computer Science},
	editor={X. Zhou and J. Li and H. Shen and M. Kitsuregawa and Y. Zhang},
	publisher={Springer Berlin Heidelberg},
	pages = {772--778},
	year = {2006}
}



@inproceedings{AggarwalHWY2004,
	author = {C. C. Aggarwal and J. Han and J. Wang and P. S. Yu},
	title = {On demand classification of data streams},
	booktitle = {Proceedings of the tenth {ACM} {SIGKDD} international conference on Knowledge Discovery and Data Mining},
	location = {Seattle, WA, USA},
	pages = {503--508},
	publisher = {ACM},
	address = {New York, NY, USA},
	year = {2004}
}

@article{TasoulisTP2012,
	author = {S. K. Tasoulis and D. K. Tasoulis and V. P. Plagianakos},
	title = {Random Direction Divisive Clustering},
	journal = {Pattern Recognition Letters},
	doi = {http://dx.doi.org/10.1016/j.patrec.2012.09.008},
	year = {2012}
}

@article{KristanLS2011,
	author = {M. Kristan and A. Leonardis and D. Sko\v{c}aj},
	title = {Multivariate online kernel density estimation with {G}aussian kernels},
	journal = {Pattern Recognition},
	volume = {44},
	number = {10--11},
	pages = {2630--2642},
	year = {2011}
}

@inproceedings{TasoulisTP_SETN2012,
	author = {S. K. Tasoulis and D. K. Tasoulis and V. P. Plagianakos},
	title = {Clustering of High Dimensional Data Streams},
	editor = {I. Maglogiannis and V. P. Plagianakos and I. P. Vlahavas},
	booktitle = {7th Hellenic Conference on {AI}, {SETN} 2012},
	series = {Lecture Notes in Computer Science},
	volume = {7297},
	pages = {223--230},
	location = {Lamia, Greece},
	publisher = {Springer},
	year = {2012}
}


@incollection{GoldbergerR2005,
	author = {J. Goldberger and S. Roweis},
	title = {Hierarchical Clustering of a Mixture Model},
	booktitle = {Advances in Neural Information Processing Systems 17},
	editor = {L. K. Saul and Y. Weiss and L. Bottou},
	publisher = {{MIT} Press},
	address = {Cambridge, MA},
	pages = {505-512},
	year = {2005},
}

@article{HamsiciM2008,
	author = {O. C. Hamsici and A. M. Martinez},
	title = {{B}ayes Optimality in Linear Discriminant Analysis},
	journal = {{IEEE} Pattern Analysis and Machine Intelligence},
	volume = {30},
	number = {4},
	year = {2008},
	pages = {647--657}
}

@book{TitteringtonSM1985,
	author = {D. M. Titterington and A. F. M. Smith and U. E. Makov},
	title = {Statistical Analysis of Finite Mixture Distributions},
	publisher = {John Wiley \& Sons},
	series = {Wiley Series in Probability and Mathematical Statistics},
	address = {New York, London, Sydney},
	year = {1985}
}

@incollection{PlataniotisH2000,
	author = {K. N. Plataniotis and D. Hatzinakos},
	title = {{G}aussian mixtures and their applications to signal processing},
	booktitle = {Advanced Signal Processing Handbook: Theory and Implementation for Radar, Sonar \& Medical Imaging Real Time Systems},
	editor = {S. Stergiopoulos}, 
	publisher = {CRC Press},
	address = {Boca Raton, Florida},
	pages = {3.2--3.32},
	year = {2000}
}

@inproceedings{BinghamM2001,
	author = {E. Bingham and H. Mannila},
	title = {Random projection in dimensionality reduction: applications to image and text data},
	booktitle = {Proceedings of the seventh {ACM} {SIGKDD} international conference on Knowledge discovery and data mining},
	organisation = {ACM},
	pages = {245--250},
	year = {2001}
}


@inproceedings{TongK2000,
	title={Restricted {Bayes} Optimal Classifiers},
	author={S. Tong  and D. Koller},
	booktitle= {Proceedings of the 17th National Conference on Artificial Intelligence ({AAAI})},
	pages={658--664},
	year={2000},
	address = {Austin, Texas},
	month = {August}
}

@book{AnthonyB1999,
	author = {M. Anthony and P. L. Bartlett},
	title = {Neural Network: Theoretical Foundations},
	publisher = {Cambridge University Press},
	year = {1999},
}

@inproceedings{BenDavidLPS2009,
  title = 	 {Learning Low Density Separators},
  author = 	 {S. Ben-David and T. Lu and D. Pal and M. Sotakova},
  booktitle = 	 {Proceedings of the Twelth International Conference on Artificial Intelligence and Statistics},
  pages = 	 {25--32},
  year = 	 {2009},
}
  %publisher = 	 {PMLR},
  %month = 	 {16--18 Apr},
  %address = 	 {Hilton Clearwater Beach Resort, Clearwater Beach, Florida USA},
  %pdf = 	 {http://proceedings.mlr.press/v5/ben-david09a/ben-david09a.pdf},
  %url = 	 {http://proceedings.mlr.press/v5/ben-david09a.html},
  %editor = 	 {David van Dyk and Max Welling},
  %series = 	 {Proceedings of Machine Learning Research}
  %volume = 	 {5},


@article{KristanSL2010,
	author = {M. Kristan and D. Sko\v{c}aj and A. Leonardis},
	title = {Online kernel density estimation for interactive learning},
	journal = {Image and Vision Computing},
	volume = {28},
	year = {2010},
	pages = {1106--1116}
}


@inproceedings{KristanL2010,
	author = {M. Kristan and A. Leonardis},
	title = {Online Discriminative Kernel Density Estimation},
	booktitle = {Proceedings of the 2010 International Conference on Pattern Recognition},
	pages = {581--584},
	year = {2010},
	organisation = {{IEEE} Computer Society}
}

@book{WandJ1995,
	author = {M. P. Wand and M. C. Jones},
	title = {Kernel Smoothing},
	publisher = {Chapman \& Hall},
	address = {London},
	year = {1995}
}

@article{Hennig2010,
	author = {C. Hennig},
	title = {Methods for merging {G}aussian mixture components},
	journal = {Advances in Data Analysis and Classification},
	volume = {4},
	number = {1},
	year = {2010},
	pages = {3--34}
}

@inproceedings{BeyerGRS1999,
	author = {K. S. Beyer and J. Goldstein and R. Ramakrishnan and U. Shaft}, 
	title = {When is ``nearest neighbor'' meaningful},
	booktitle = {Seventh International Conference on Database Theory},
	year = {1999},
	pages = {217--235}
}

@article{KriegelKZ2009,
	author = {H.-P. Kriegel and P. Kr{\"o}ger and A. Zimek},
	title = {Clustering high-dimensional data: {A} survey on subspace clustering, pattern-based clustering, and correlation clustering},
	journal = {{ACM} Transactions on Knowledge Discovery from Data},
	volume = {3},
	number = {1},
	year = {2009},
	pages = {1--58}
}

@article{XuKH2013,
	author = {K. S. Xu and M. Kliger and A. O. Hero~{III}},
	title = {Adaptive evolutionary clustering},
	journal = {Data Mining and Knowledge Discovery},
	volume = {28},
	number = {2},
	pages = {304--336},
	year = {2014}
}


@inproceedings{ZhangRL1996,
	author = {T. Zhang and R. Ramakrishnan and M. Livny},
	title = {{BIRCH}: An efficient data clustering method for very large databases},
	booktitle = {{ACM SIGMOD} Conference}, 
	volume = {25},
	pages = {103--114},
	year = {1996}
}

@article{WengZH2003,
	author = {J. Weng and Y. Zhang and W.-S. Hwang},
	title = {Candid Covariance-Free Incremental Principal Component Analysis},
	journal = {{IEEE} Transactions on Pattern Analysis and Machine Intelligence},
	volume = {25},
	number = {8},
	year = {2003},
	pages = {1034--1040}
}

@Article{Boley1998,
	author="Boley, D.",
	title="Principal Direction Divisive Partitioning",
	journal="Data Mining and Knowledge Discovery",
	year="1998",
	volume="2",
	number="4",
	pages="325--344",
}
%	issn="1573-756X",
%	doi="10.1023/A:1009740529316",
%url="https://doi.org/10.1023/A:1009740529316"


@article{AnagnostopoulosTAPH2012,
	author = {C. Anagnostopoulos and D. K. Tasoulis and N. M. Adams and N. G. Pavlidis and D. J. Hand},
	title = {Online linear and quadratic discriminant analysis with adaptive forgetting for streaming classification},
	journal = {Statistical Analysis and Data Mining},
	volume = {5},
	number = {2},
	pages = {139--166},
	year = {2012},
}

@article{PavlidisTAH2012,
	author = {N. G. Pavlidis and D. K. Tasoulis and N. M. Adams and D. J. Hand},
	title = {Adaptive consumer credit classification},
	journal = {Journal of the Operational Research Society},
	pages = {1645--1654},
	year = {2012},
	volume = {63},
	number = {12}
}

@article{Jain2010,
	author = {A. K. Jain},
	title = {Data clustering: 50 years beyond {K}-means},
	journal = {Pattern Recognition Letters},
	volume = {31},
	number = {8},
	year = {2010},
	pages = {651--666}
}

@article{SlagleCH1975,
	author = {J. L. Slagle and C. L. Chang and S. L. Heller},
	title = {A clustering and data-reorganization algorithm},
	journal = {{IEEE} Transactions on Systems Man and Cybernetics},
	volume = {5},
	year = {1975},
	pages = {121--128}
}

@article{McWilliamsM2013,
	author = {B. McWilliams and G. Montana},
	title = {Subspace clustering of high-dimensional data: A predictive approach},
	journal = {Data Mining and Knowledge Discovery},
	year = {in press}
}

@inproceedings{AggarwalHWY2004,
	author = {C. C. Aggarwal and J. Han and J. Wang and P. S Yu},
	title = {A framework for projected clustering of high dimensional data streams},
	booktitle = {Proceedings of the Thirtieth international conference on Very large data bases},
	pages = {852--863},
	year = {2004},
}

@article{GirolamiH2003,
	author = {M. Girolami and C. He},
	title = {Probability density estimation from optimally condensed data samples},
	journal = {{IEEE} Transactions on Pattern Analysis and Machine Intelligence},
	volume = {25},
	number = {10},
	pages = {1253--1264},
	year = {2003}
}

@inproceedings{YangDGD2003,
	author = {C. Yang and R. Duraiswami and N. A. Gumerov and L. Davis},
	title = {Improved fast {G}auss transform and efficient kernel density estimation},
	booktitle = {Proceedings of Ninth {IEEE} International Conference on Computer Vision},
	year = {2003},
	pages = {664--671}
}


@article{FanB2012,
	author    = {Wei Fan and Albert Bifet},
	title     = {Mining big data: current status, and forecast to the future},
	journal   = {{SIGKDD} Explorations},
	volume    = {14},
	number    = {2},
	year      = {2012},
	pages     = {1--5},
}


@article{Amatriain2012,
	author    = {Xavier Amatriain},
	title     = {Mining large streams of user data for personalized recommendations},
	journal   = {{SIGKDD} Explorations},
	volume    = {14},
	number    = {2},
	year      = {2012},
	pages     = {37--48},
}

@article{Zliobaite2012,
	author = {Zliobaite, Indre and Bifet, Albert and Gaber, Mohamed and Gabrys, Bogdan and Gama, Joao and Minku, Leandro and Musial, Katarzyna},
	title = {Next challenges for adaptive learning systems},
	journal = {{SIGKDD} Explorations},
	issue_date = {June 2012},
	volume = {14},
	number = {1},
	month = dec,
	year = {2012},
	pages = {48--55},
	publisher = {ACM},
	address = {New York, NY, USA},
} 

@book{Dempe2002,
	author = {S. Dempe},
	title = {Foundations of Bilevel Programming},
	year = {2002},
	publisher = {Kluwer Academic Publishers},
	series = {Nonconvex Optimization and Its Applications},
	volume = {61},
	editor = {P. Pardalos},
}

@book{Bertsekas1999,
	author = {D. P. Bertsekas},
	title = {Nonlinear Programming},
	publisher = {Athena Scientific},
	address = {Belmont, Massachusetts},
	year = {1999},
	edition = {2}
}

@book{NocedalW2006,
	author = {J. Nocedal and S. Wright},
	title = {Numerical Optimization},
	series = {Springer Series in Operations Research and Financial Engineering},
	publisher = {Springer},
	editor = {T. V. Mikosch and S. I. Resnick and S. M. Robinson},
	edition = {2},
	year = {2006}
}


@article{ComaniciuM2002, 
	author={Comaniciu, D. and Meer, P.}, 
	journal={{IEEE} Transactions on Pattern Analysis and Machine Intelligence}, 
	title={Mean shift: a robust approach toward feature space analysis}, 
	year={2002}, 
	volume={24}, 
	number={5}, 
	pages={603-619}, 
	doi={10.1109/34.1000236}, 
	ISSN={0162-8828}
}


@article{ComaniciuRM2003, 
	author={Comaniciu, D. and Ramesh, V. and Meer, P.}, 
	journal={{IEEE} Transactions on Pattern Analysis and Machine Intelligence}, 
	title={Kernel-based object tracking}, 
	year={2003}, 
	volume={25}, 
	number={5}, 
	pages={564-577}, 
	doi={10.1109/TPAMI.2003.1195991}, 
	ISSN={0162-8828}
}


@article{Ghassabeh2013,
	author = "Y. A. Ghassabeh",
	title = "On the convergence of the mean shift algorithm in the one-dimensional space",
	journal = "Pattern Recognition Letters ",
	volume = "34",
	number = "12",
	pages = "1423--1427",
	year = "2013",
	issn = "0167-8655",
	doi = "http://dx.doi.org/10.1016/j.patrec.2013.05.004",
}


@article{Li20071756,
	author = "X. Li and Z. Hu and F. Wu",
	title = "A note on the convergence of the mean shift ",
	journal = "Pattern Recognition",
	volume = "40",
	number = "6",
	pages = "1756--1762",
	year = "2007",
	issn = "0031-3203",
	doi = "http://dx.doi.org/10.1016/j.patcog.2006.10.016",
}

@book{ConnSV2009,
	author = {A. R. Conn and K. Scheinberg and L. N. Vicente},
	title = {Introduction to Derivative-Free Optimization},
	series = {{MPS-SIAM} Series on Optimization},
	publisher = {{SIAM}},
	year = {2009}
}

@incollection{SteinbachEK2003,
	author = {M. Steinbach and L. Ert{\"o}z and V. Kumar},
	title = {The challenges of clustering high-dimensional data},
	booktitle = {New Vistas in Statistical Physics: Applications in Econophysics, Bioinformatics, and Pattern Recognition},
	publisher = {Springer--Verlag},
	year = {2003}
}

@inproceedings{CallaghanMMGM2002,
	author = {L. O'Callaghan and N. Mishra and A. Meyerson and S. Guha and R. Motwani},
	title = {Streaming-Data Algorithms for High-Quality Clustering},
	booktitle = {Proceedings of the 18th International Conference on Data Engineering},
	series = {ICDE '02},
	year = {2002},
	pages = {685--694},
	publisher = {IEEE Computer Society},
	address = {Washington, DC, USA},
} 

@inproceedings{ChakrabartiKT2006,
	title={Evolutionary clustering},
	author={Chakrabarti, Deepayan and Kumar, Ravi and Tomkins, Andrew},
	booktitle={Proceedings of the 12th {ACM SIGKDD} international conference on Knowledge discovery and data mining},
	pages={554--560},
	year={2006},
	organization={ACM}
}


@article{Nilsson2002,
	title={Hierarchical clustering using non-greedy principal direction divisive partitioning},
	author={Nilsson, Martin},
	journal={Information Retrieval},
	volume={5},
	number={4},
	pages={311--321},
	year={2002},
	publisher={Springer}
}


@inproceedings{ZeimpekisG2003,
	title={PDDP(l): towards a flexible principal direction divisive partitioning clustering algorithm},
	author={Zeimpekis, D and Gallopoulos, E},
	booktitle={Proceedings of the {IEEE ICDM '03} Workshop on Clustering Large Data Sets},
	editor = {D. Boley and I. Dhillon and J. Ghosh and J. Kogan},
	pages={26--35},
	year={2003}
}

@inproceedings{Dhillon2001,
	title={Co-clustering documents and words using bipartite spectral graph partitioning},
	author={Dhillon, Inderjit S},
	booktitle={Proceedings of the 17th {ACM SIGKDD} international conference on Knowledge Discovery and Data Mining},
	pages={269--274},
	year={2001},
	organization={ACM}
}


@inproceedings{DomingosH2001,
	title={Catching up with the Data: Research Issues in Mining Data Streams},
	author={Domingos, Pedro and Hulten, Geoff},
	booktitle={{SIGMOD} workshop on research issues in Data 
		Mining and Knowledge Discovery},
	year={2001}
}

@inproceedings{CaoEQZ2006,
	title={Density-based clustering over an evolving data stream with noise},
	author={Cao, Feng and Ester, Martin and Qian, Weining and Zhou, Aoying},
	booktitle={Proceedings of the 2006 {SIAM} International Conference on Data Mining},
	pages={328--339},
	year={2006}
}

@article{Luhr20091,
title = "Incremental clustering of dynamic data streams using connectivity based representative points ",
journal = "Data \& Knowledge Engineering ",
volume = "68",
number = "1",
pages = "1 - 27",
year = "2009",
issn = "0169-023X",
doi = "http://dx.doi.org/10.1016/j.datak.2008.08.006",
author = "Sebastian L{\"u}hr and Mihai Lazarescu",
}

@inproceedings{KranenABS2009, 
	author={Kranen, P. and Assent, I. and Baldauf, C. and Seidl, T.}, 
	booktitle={{IEEE} International Conference on Data Mining. ICDM '09}, 
	title={Self-Adaptive Anytime Stream Clustering}, 
	year={2009}, 
	month={Dec}, 
	pages={249-258}, 
	doi={10.1109/ICDM.2009.47}, 
	ISSN={1550-4786}
}


@article{KranenABS2011,
	author={Kranen, Philipp and Assent, Ira and Baldauf, Corinna and Seidl, Thomas},
	title={The ClusTree: indexing micro-clusters for anytime stream mining},
	journal={Knowledge and Information Systems},
	volume={29},
	number={2},
	issn={0219-1377},
	doi={10.1007/s10115-010-0342-8},
	publisher={Springer-Verlag},
	pages={249-272},
	year={2011}
}

@article{KranenABS2009, 
	author={Kranen, P. and Assent, I. and Baldauf, C. and Seidl, T.}, 
	booktitle={{IEEE} International Conference on Data Mining. ICDM '09}, 
	title={Self-Adaptive Anytime Stream Clustering}, 
	year={2009}, 
	month={Dec}, 
	pages={249-258}, 
	doi={10.1109/ICDM.2009.47}, 
	ISSN={1550-4786}
}

@article{GuhaMMNRL2003,
	title={Clustering data streams: Theory and practice},
	author={Guha, Sudipto and Meyerson, Adam and Mishra, Nina and Motwani, Rajeev and O'Callaghan, Liadan},
	journal={{IEEE} Transactions on Knowledge and Data Engineering},
	volume={15},
	number={3},
	pages={515--528},
	year={2003},
	publisher={IEEE}
}


@inproceedings{DomingosH2000,
	author = {Domingos, Pedro and Hulten, Geoff},
	title = {Mining High-speed Data Streams},
	booktitle = {Proceedings of the Sixth {ACM SIGKDD} International Conference on Knowledge Discovery and Data Mining},
	series = {KDD '00},
	year = {2000},
	isbn = {1-58113-233-6},
	location = {Boston, Massachusetts, USA},
	pages = {71--80},
	numpages = {10},
	doi = {10.1145/347090.347107},
	acmid = {347107},
	publisher = {ACM},
	address = {New York, NY, USA},
} 


@article{Hore2009,
	author={Hore, Prodip and Hall, LawrenceO. and Goldgof, DmitryB. and Gu, Yuhua and Maudsley, AndrewA. and Darkazanli, Ammar},
	title = {A Scalable Framework For Segmenting Magnetic Resonance Images},
	year={2009},
	issn={1939-8018},
	journal={Journal of Signal Processing Systems},
	volume={54},
	number={1-3},
	doi={10.1007/s11265-008-0243-1},
	title={A Scalable Framework For Segmenting Magnetic Resonance Images},
	publisher={Springer US},
	pages={183-203},
}


@article{Silva2013,
	author = {Silva, Jonathan A. and Faria, Elaine R. and Barros, Rodrigo C. and Hruschka, Eduardo R. and Carvalho, Andr{\'e} C. P. L. F. de and Gama, Jo\~{a}o},
	title = {Data Stream Clustering: A Survey},
	journal = {ACM Computing Surveys},
	issue_date = {October 2013},
	volume = {46},
	number = {1},
	month = jul,
	year = {2013},
	issn = {0360-0300},
	pages = {13:1--13:31},
	articleno = {13},
	numpages = {31},
	doi = {10.1145/2522968.2522981},
	acmid = {2522981},
	publisher = {ACM},
	address = {New York, NY, USA},
} 

@inproceedings{Ester1996,
	title={A density-based algorithm for discovering clusters in large spatial databases with noise.},
	author={Ester, Martin and Kriegel, Hans-Peter and Sander, J{\"o}rg and Xu, Xiaowei},
	booktitle={Proceedings of the 2nd International Conference on Knowledge Discovery and Data Mining (KDD '96)},
	volume={96},
	pages={226--231},
	year={1996},
	publisher = {AAAI Press},
}

@incollection{Aggarwal2013survey,
	author = {C. C. Aggarwal},
	title = {A Survey of Stream Clustering Algorithm},
	booktitle = {Data Clustering: Algorithms and Applications},
	series = {Chapman \& Hall/CRC Data Mining and Knowledge Discovery Series},
	editor = {C. C. Aggarwal and C. K. Reddy},
	year = {2013},
	pages = {231--258}
}

@inproceedings{ChenT2007,
	author = {Chen, Yixin and Tu, Li},
	title = {Density-based Clustering for Real-time Stream Data},
	booktitle = {Proceedings of the 13th {ACM SIGKDD} International Conference on Knowledge Discovery and Data Mining},
	series = {KDD '07},
	year = {2007},
	isbn = {978-1-59593-609-7},
	location = {San Jose, California, USA},
	pages = {133--142},
	numpages = {10},
	doi = {10.1145/1281192.1281210},
	acmid = {1281210},
	publisher = {ACM},
	address = {New York, NY, USA},
} 

@inproceedings{Ntoutsi2012,
	author={Ntoutsi, Irene and Zimek, Arthur and Palpanas, Themis and Kr{\"o}ger, Peer and Kriegel, Hans-Peter},
	title={Density-based Projected Clustering over High Dimensional Data Streams.},
	booktitle = {Proceedings of the 12th {SIAM} International Conference on Data Mining (SDM)},
	organization={SIAM},
	location = {Anaheim, CA},
	pages = {987--998},
	year = {2012}
}

@book{HastieTF2009,
	author = {T. Hastie and R. Tibshirani and J. Friedman},
	title = {The Elements of Statistical Learning: Data Mining, Inference, and Prediction},
	publisher = {Springer},
	edition = {2},
	series = {Springer Texts in Statistics},
	year = {2009}
}

@book{JamesWHT2013,
	author = {G. James and D. Witten and T. Hastie and R. Tibshirani},
	title = {An Introduction to Statistical Learning: with Applications in {R}},
	publisher = {Springer},
	series = {Springer Texts in Statistics},
	year = {2013}
}

@article{Polak1987,
	author = {Polak, E.},
	title = {On the Mathematical Foundations of Nondifferentiable Optimization in Engineering Design},
	journal = {{SIAM} Review},
	volume = {29},
	number = {1},
	month = {March},
	year = {1987},
	issn = {0036-1445},
	pages = {21--89},
	numpages = {69},
	doi = {10.1137/1029002},
	acmid = {35736},
	publisher = {Society for Industrial and Applied Mathematics},
	address = {Philadelphia, PA, USA},
} 

@article{DeodharG2010,
	author = {M. Deodhar and J. Ghosh},
	title = {{SCOAL}:  A Framework for Simultaneous Co-Clustering and Learning from Complex Data},
	journal = {{ACM} Transactions on Knowledge Discovery from Data},
	volume = {4},
	number = {3},
	year = {2010},
}


@book{BonnansS2000,
	author = {J. F. Bonnans and A. Shapiro},
	title = {Perturbation Analysis of Optimization Problems},
	publisher = {Springer},
	series = {Springer Series in Operations Research},
	year = {2000}
}

@article{BonnansS1998,
	author = {Bonnans, J. Fr{\'e}d{\'e}ric and Shapiro, Alexander},
	title = {Optimization Problems with Perturbations: A Guided Tour},
	journal = {SIAM Review},
	issue_date = {June 1998},
	volume = {40},
	number = {2},
	month = jun,
	year = {1998},
	pages = {228--264},
	doi = {10.1137/S0036144596302644},
	acmid = {293003},
	publisher = {Society for Industrial and Applied Mathematics},
	address = {Philadelphia, PA, USA},
}

@book{Berge1963,
	author = {C. Berge},
	title = {Topological Spaces},
	publisher = {Macmillan},
	address = {New York},
	year = {1963}
}

@book{MagnusN1999,
	author = {J. R. Magnus and H. Neudecker},
	title = {Matrix Differential Calculus with Applications in Statistics and Econometrics},
	publisher = {Wiley-Blackwell},
	edition = {2nd},
	series = {Wiley Series in Probability and Statistics},
	year = {1999}
}

@book{Clarke1983,
	author = {F. H. Clarke},
	title = {Optimization and Nonsmooth Analysis},
	publisher = {Wiley-Interscience},
	address = {New York},
	year = {1983}
}

@book{Kiwiel1985,
	author = {K. C. Kiwiel},
	title = {Methods of Descent for Nondifferentiable Optimization},
	series = {Lecture Notes in Mathematics},
	number = {1133},
	publisher = {Springer--Verlag},
	address = {Berlin},
	year = {1985}
}

@article{BurkeLO2005,
	author = {J. V. Burke and A. S. Lewis and M. L. Overton},
	title = {A Robust Gradient Sampling Algorithm for Nonsmooth, Nonconvex Optimization},
	journal = {{SIAM} Journal on Optimization},
	volume = {15},
	number = {3},
	pages = {751--779},
	year = {2005},
	doi = {10.1137/030601296}
}

@article{BurkeLO2002a,
	author = {J. V. Burke and A. S. Lewis and M. L. Overton},
	title = {Approximating subdifferentials by random sampling of gradients},
	journal = {Mathematics of Operations Research},
	volume={27},
	number={3},
	pages={567--584},
	year={2002},
	publisher={INFORMS}
}

@inproceedings{BenDavidL2008,
	author = {S. Ben-David and U. von~Luxburg},
	title = {Relating clustering stability to properties of cluster boundaries},
	booktitle = {Proceedings of Conference on Learning Theory~({COLT})},
	pages = {379--390},
	year = {2008}
}

@inproceedings{BenDavidLP2008,
	author = {S. Ben-David and T. Lu and D. P{\'a}l},
	title = {Does Unlabeled Data Provably Help? Worst-case Analysis of the Sample Complexity of Semi-Supervised Learning},
	booktitle = {Proceedings of Conference on Learning Theory~({COLT})},
	pages = {33--44},
	year = {2008}
}

@inproceedings{Joachims1999,
	title={Transductive inference for text classification using support vector machines},
	author={Joachims, Thorsten},
	booktitle={ICML},
	volume={99},
	pages={200--209},
	year={1999}
}

@inproceedings{ShamirT2008,
	author = {O. Shamir and N. Tishby},
	title = {Model selection and stability in $k$-means clustering},
	booktitle = {Proceedings of Conference on Learning Theory~({COLT})},
	year = {2008}
}

@book{ClarkeLSW1998,
	author = {Clarke, F. H. and Ledyaev, Yu. S. and Stern, R. J. and Wolenski, P. R.},
	title = {Nonsmooth Analysis and Control Theory},
	year = {1998},
	publisher = {Springer-Verlag New York, Inc.},
	address = {Secaucus, NJ, USA},
} 


@article{dasgupta1999elementary,
  title={An elementary proof of the Johnson-Lindenstrauss lemma},
  author={Dasgupta, Sanjoy and Gupta, Anupam},
  journal={International Computer Science Institute, Technical Report},
  pages={99--006},
  year={1999},
  publisher={Citeseer}
}


@inproceedings{samaria1994parameterisation,
  title={Parameterisation of a stochastic model for human face identification},
  author={F. S. Samaria and A. C. Harter},
  booktitle={Applications of Computer Vision, 1994., Proceedings of the Second IEEE Workshop on},
  pages={138--142},
  year={1994},
  organization={IEEE}
}


@article{spellman1998comprehensive,
  title={Comprehensive identification of cell cycle--regulated genes of the yeast Saccharomyces cerevisiae by microarray hybridization},
  author={P. T. Spellman and G. Sherlock and M. Q. Zhang and V. R. Iyer and K. Anders and M. B. Eisen and P. O. Brown and D. Botstein and B. Futcher},
  journal={Molecular biology of the cell},
  volume={9},
  number={12},
  pages={3273--3297},
  year={1998},
  publisher={Am Soc Cell Biol}
}


@book{Silverman1986,
  title={Density estimation for statistics and data analysis},
  author={Silverman, B. W.},
  volume={26},
  year={1986},
  publisher={{CRC} press}
}


@article{Luxburg2007,
	author={U. von Luxburg},
	title={A tutorial on spectral clustering},
	journal={Statistics and Computing},
	volume={17},
	number={4},
	pages={395--416},
	year = {2007}
}
%	doi={10.1007/s11222-007-9033-z},
%	publisher={Springer US},
%	issn={0960-3174},

@article{Ning2010,
	title = "Incremental spectral clustering by efficiently updating the eigen-system",
	author = "H. Ning and W. Xu and Y. Chi and Y. Gong and T. S. Huang",
	journal = "Pattern Recognition ",
	pages = "113--127",
	volume = "43",
	number = "1",
	year = "2010",
	issn = "0031-3203",
	doi = "http://dx.doi.org/10.1016/j.patcog.2009.06.001"
}

@book{Vapnik1979,
	author = {V. Vapnik},
	title = {Estimation of Dependences Based on Empirical Data [in Russian]},
	year = {1979},
	address = {Moscow},
	publisher = {Nauka},
	note = {English translation: Springer Verlag, New York, 1982},
}

@inproceedings{Zelnik2004,
	title={Self-tuning spectral clustering},
	author={L. Zelnik-Manor and P. Perona},
	booktitle={Advances in Neural Information Processing Systems},
	pages={1601--1608},
	year={2004},
	editor = {L. K. Saul and Y. Weiss and L. Bottou},
	url = {http://papers.nips.cc/paper/2619-self-tuning-spectral-clustering.pdf}
}


@article{HyvarinenO2000,
	title={Independent component analysis: algorithms and applications},
	author={A. Hyv{\"a}rinen and E. Oja},
	journal={Neural networks},
	volume={13},
	number={4},
	pages={411--430},
	year={2000},
	publisher={Elsevier}
}

@article{TippingB1999,
	title = {Probabilistic Principal Component Analysis},
	author = {M. E. Tipping and C. M. Bishop},
	journal = {Journal of the Royal Statistical Society. Series B (Statistical Methodology)},
	volume = {61},
	number = {3},
	pages = {611--622},
	year = {1999},
	publisher = {Wiley for the Royal Statistical Society},
}

@article{Tipping1999,
	title={Probabilistic visualisation of high-dimensional binary data},
	author={M. E. Tipping},
	journal={Advances in Neural Information Processing Systems},
	pages={592--598},
	year={1999},
	publisher={MIT}
}

@article{BishopT1998,
  title={A hierarchical latent variable model for data visualization},
  author={C. M. Bishop and M. E. Tipping},
  journal={Pattern Analysis and Machine Intelligence, IEEE Transactions on},
  volume={20},
  number={3},
  pages={281--293},
  year={1998},
  publisher={IEEE}
}

@book{Hartigan1975,
	author = {J. A. Hartigan},
	title = {Clustering Algorithms},
	publisher = {Wiley, New York},
	series = {Wiley Series in Probability and Mathematical Statistics},
	year = {1975}
}

@incollection{Wishart1969,
	author = {D. Wishart},
	title = {Mode analysis: A generalization of nearest neighbor which reduces chaining effects},
	editor = {A. J. Cole},
	booktitle = {Numerical Taxonomy},
	pages = {282--308},
	publisher = {Academic Press, London},
	year = {1969}
}

@article{Hartigan1981,
	author = {J. A. Hartigan},
	title = {Consistency of Single Linkage for High-Density Clusters},
	journal = {Journal of the American Statistical Association},
	volume = {76},
	number = {374},
	pages = {388--394},
	year = {1981}
}

@article{MenardiA2014,
	author={G. Menardi and A. Azzalini},
	title={An advancement in clustering via nonparametric density estimation},
	journal={Statistics and Computing},
	volume={24},
	number={5},
	doi={10.1007/s11222-013-9400-x},
	publisher={Springer US},
	pages={753-767},
	year={2014}
}

@article{AzzaliniT2007,
	author={A. Azzalini and N. Torelli},
	title={Clustering via nonparametric density estimation},
	journal={Statistics and Computing},
	volume={17},
	number={1},
	doi={10.1007/s11222-006-9010-y},
	publisher={Kluwer Academic Publishers-Plenum Publishers},
	pages={71-80},
	year={2007}
}

@article{tao2014random,
  title={Random matrices have simple spectrum},
  author={T. Tao and V. Vu},
  journal={arXiv preprint arXiv:1412.1438},
  year={2014}
}


@article{fan1949theorem,
  title={On a theorem of Weyl concerning eigenvalues of linear transformations I},
  author={K. Fan},
  journal={Proceedings of the National Academy of Sciences of the United States of America},
  volume={35},
  number={11},
  pages={652},
  year={1949},
  publisher={National Academy of Sciences}
}


@book{vapnik1982estimation,
  title={Estimation of dependences based on empirical data},
  author={V. N. Vapnik and S. Kotz},
  volume={40},
  year={1982},
  publisher={Springer-verlag New York}
}


@book{vapnik1998statistical,
  title={Statistical learning theory},
  author={Vapnik, Vlamimir},
  volume={1},
  year={1998},
  publisher={Wiley New York}
}


@article{chapelle2006semi,
  title={Semi-supervised learning},
  author={Chapelle, Olivier and Sch{\"o}lkopf, Bernhard and Zien, Alexander and others},
  year={2006},
  publisher={MIT press Cambridge}
}

@article{ChapelleSK2008,
	author = {O. Chapelle and V. Sindhwani and S. S. Keerthi},
	title = {Optimization Techniques for Semi-Supervised Support Vector Machines},
	journal = {Journal of Machine Learning Research},
	volume = {9},
	pages = {203--233},
	year = {2008},
	month = {Feb},
	url = {http://www.jmlr.org/papers/v9/chapelle08a.html}
}

@InProceedings{ChapelleZ2005,
	title ={Semi-Supervised Classification by Low Density Separation},
	author = {O. Chapelle and A. Zien},
	booktitle = {Proceedings of International Conference on Artificial Intelligence and Statistics},
	pages = {57-64},
	year = {2005}
}
	%editor = {Robert G. Cowell and Zoubin Ghahramani},
	%publisher = {Society for Artificial Intelligence and Statistics},
	%url = {http://www.gatsby.ucl.ac.uk/aistats/fullpapers/198.pdf}


@article{cortes1995support,
  title={Support-vector networks},
  author={Cortes, Corinna and Vapnik, Vladimir},
  journal={Machine learning},
  volume={20},
  number={3},
  pages={273--297},
  year={1995},
  publisher={Springer}
}


@inproceedings{NiuDJ2011,
  title={Dimensionality reduction for spectral clustering},
  author={D. Niu and J. G. Dy and M. I. Jordan},
  booktitle={Proceedings of the 14th International Conference on Artificial Intelligence and Statistics},
  series = {JMLR W\&CP},
  volume = {15},
  pages = {552--560},
  year={2011},
}

  %URL = {http://proceedings.mlr.press/v15/niu11a/niu11a.pdf}

@article{overton1993optimality,
  title={Optimality conditions and duality theory for minimizing sums of the largest eigenvalues of symmetric matrices},
  author={M. L. Overton and R. S. Womersley},
  journal={Mathematical Programming},
  volume={62},
  number={1-3},
  pages={321--357},
  year={1993},
  publisher={Springer}
}


@article{lewis1996eigenvalue,
  title={Eigenvalue optimization},
  author={A. S. Lewis and M. L. Overton},
  journal={Acta numerica},
  volume={5},
  pages={149--190},
  year={1996},
  publisher={Cambridge Univ Press}
}


@article{DelMoralDJ2006,
	author = {P. Del Moral and A. Doucet and A. Jasra},
	title = {Sequential Monte Carlo samplers},
	journal = {Journal of the Royal Statistical Society: Series {B} (Statistical Methodology)},
	volume = {68},
	number = {3},
	publisher = {Blackwell Publishing Ltd},
	issn = {1467-9868},
	doi = {10.1111/j.1467-9868.2006.00553.x},
	pages = {411--436},
	year = {2006},
}

@article{Pavlidis2015,
	author = {N. Pavlidis and D. Hofmeyr and S. Tasoulis},
	title = {Minimum Density Hyperplanes},
	journal = {arXiv preprint arXiv:1507.04201v2},
	year = {2016},
}

@article{Chopin2002,
	title={A sequential particle filter method for static models},
	author={N. Chopin},
	journal={Biometrika},
	volume={89},
	number={3},
	pages={539--552},
	year={2002},
	publisher={Biometrika Trust}
}

@article{BoltonK2003,
   title = {Projection Pursuit Clustering for Exploratory Data Analysis},
   author = {Bolton, R. J. and Krzanowski, W. J.},
   journal = {Journal of Computational and Graphical Statistics},
   volume = {12},
   number = {1},
   pages = {121--142},
   year = {2003},
	doi = {10.1198/1061860031374}
}

@article{krause2005multimodal,
  title={Multimodal projection pursuit using the dip statistic},
  author={A. Krause and V. Liebscher},
  journal={Preprint-Reihe Mathematik},
  volume={13},
  year={2005}
}

@article{eslava1994some,
  title={Some criteria for projection pursuit},
  author={G. Eslava and F. H. C. Marriott},
  journal={Statistics and Computing},
  volume={4},
  number={1},
  pages={13--20},
  year={1994},
  publisher={Springer}
}

@article{Huber1985,
	author = "P. J. Huber",
	title = "Projection Pursuit",
	journal = "The Annals of Statistics",
	volume = "13",
	number = "2",
	pages = "435--475",
	year = "1985",
	month = "06",
	publisher = "The Institute of Mathematical Statistics",
	doi = "10.1214/aos/1176349519"
}

@article{Friedman1987,
	author={J.H. Friedman},
	title={Exploratory projection pursuit},
	journal={Journal of the American Statistical Association},
	volume={82},
	number={397},
	pages={249--266},
	year={1987},
	publisher={Taylor \& Francis Group}
}

@article{Hartigan1985,
  title={The dip test of unimodality},
  author={J.~A. Hartigan, and P.~M. Hartigan},
  journal={The Annals of Statistics},
  pages={70--84},
  volume = {13},
  number = {1},
  year={1985}
}

@techreport{KrauseL05,
	Author = {Andreas Krause and Volkmar Liebscher},
	Institution = {Universit{\"a}t Greifswald},
	Number = {13},
	Title = {Multimodal Projection Pursuit using the Dip Statistic},
	Year = {2005}
}

@inproceedings{Aggarwal1999,
  title={Fast algorithms for projected clustering},
  author={Aggarwal, Charu C and Wolf, Joel L and Yu, Philip S and Procopiuc, Cecilia and Park, Jong Soo},
  booktitle={ACM SIGMOD Record},
  volume={28},
  number={2},
  pages={61--72},
  year={1999},
  organization={ACM}
}

@book{Wagner1993,
  title={Between min cut and graph bisection},
  author={D. Wagner and F. Wagner},
  year={1993},
  publisher={Springer}
}

@article{Hagen1992,
  title={New spectral methods for ratio cut partitioning and clustering},
  author={L. Hagen and A. B. Kahng},
  journal={Computer-aided design of integrated circuits and systems, ieee transactions on},
  volume={11},
  number={9},
  pages={1074--1085},
  year={1992},
  publisher={IEEE}
}

@article{ShiM2000,
  title={Normalized cuts and image segmentation},
  author={J. Shi and J. Malik},
  journal={Pattern Analysis and Machine Intelligence, IEEE Transactions on},
  volume={22},
  number={8},
  pages={888--905},
  year={2000},
  publisher={IEEE},
  month={Aug}
}
  %doi={10.1109/34.868688},
%ISSN={0162-8828},

@article{Magnus1985,
  title={On differentiating eigenvalues and eigenvectors},
  author={J. R. Magnus},
  journal={Econometric Theory},
  volume={1},
  number={02},
  pages={179--191},
  year={1985},
  publisher={Cambridge Univ Press}
}

@article{ye2009,
  title={Relative perturbation bounds for eigenvalues of symmetric positive definite diagonally dominant matrices},
  author={Q. Ye},
  journal={SIAM Journal on Matrix Analysis and Applications},
  volume={31},
  number={1},
  pages={11--17},
  year={2009},
  publisher={SIAM}
}

@book{Golub2012,
  title={Matrix computations},
  author={Golub, Gene H and Van Loan, Charles F},
  volume={3},
  year={2012},
  publisher={JHU Press}
}

@article{Schur1911,
  title={Bemerkungen zur Theorie der beschr{\"a}nkten Bilinearformen mit unendlich vielen Ver{\"a}nderlichen.},
  author={J. Schur},
  journal={Journal f{\"u}r die reine und Angewandte Mathematik},
  volume={140},
  pages={1--28},
  year={1911}
}

@techreport{Zhao2001,
  title={Criterion functions for document clustering: Experiments and analysis},
  author={Zhao, Ying and Karypis, George},
  year={2001},
  institution={Citeseer}
}

@inproceedings{Zhang1996,
  title={BIRCH: an efficient data clustering method for very large databases},
  author={T. Zhang and R. Ramakrishnan and M. Livny},
  booktitle={ACM SIGMOD Record},
  volume={25},
  number={2},
  pages={103--114},
  year={1996},
  organization={ACM}
}


@article{Franti2006,
  title={Iterative shrinking method for clustering problems},
  author={P. Fr{\"a}nti and O. Virmajoki},
  journal={Pattern Recognition},
  volume={39},
  number={5},
  pages={761--775},
  year={2006},
  publisher={Elsevier}
}

@article{Dudoit2002,
  title={Comparison of discrimination methods for the classification of tumors using gene expression data},
  author={Dudoit, Sandrine and Fridlyand, Jane and Speed, Terence P},
  journal={Journal of the American statistical association},
  volume={97},
  number={457},
  pages={77--87},
  year={2002},
  publisher={Taylor \& Francis}
}

@article{Golub1999,
  title={Molecular classification of cancer: class discovery and class prediction by gene expression monitoring},
  author={Golub, Todd R and Slonim, Donna K and Tamayo, Pablo and Huard, Christine and Gaasenbeek, Michelle and Mesirov, Jill P and Coller, Hilary and Loh, Mignon L and Downing, James R and Caligiuri, Mark A and others},
  journal={science},
  volume={286},
  number={5439},
  pages={531--537},
  year={1999},
  publisher={American Association for the Advancement of Science}
}

@article{Alizadeh2000,
  title={Distinct types of diffuse large B-cell lymphoma identified by gene expression profiling},
  author={Alizadeh, Ash A and Eisen, Michael B and Davis, R Eric and Ma, Chi and Lossos, Izidore S and Rosenwald, Andreas and Boldrick, Jennifer C and Sabet, Hajeer and Tran, Truc and Yu, Xin and others},
  journal={Nature},
  volume={403},
  number={6769},
  pages={503--511},
  year={2000},
  publisher={Nature Publishing Group}
}

@inproceedings{Tong2000,
  title={Restricted bayes optimal classifiers},
  author={S. Tong and D. Koller},
  booktitle={AAAI/IAAI},
  pages={658--664},
  year={2000}
}

@article{Anon2014,
  title={Citation removed to preserve authors' anonymity},
}

@inproceedings{Samaria1994,
  title={Parameterisation of a stochastic model for human face identification},
  author={Samaria, Ferdinando S and Harter, Andy C},
  booktitle={Applications of Computer Vision, 1994., Proceedings of the Second IEEE Workshop on},
  pages={138--142},
  year={1994},
  organization={IEEE}
}

@incollection{steinbach2004challenges,
  title={The challenges of clustering high dimensional data},
  author={M. Steinbach and L. Ert{\"o}z and V. Kumar},
  booktitle={New Directions in Statistical Physics},
  pages={273--309},
  year={2004},
  publisher={Springer}
}

@incollection{beyer1999nearest,
  title={When is “nearest neighbor” meaningful?},
  author={K. Beyer and J. Goldstein and R. Ramakrishnan and U. Shaft},
  booktitle={Database Theory—ICDT’99},
  pages={217--235},
  year={1999},
  publisher={Springer}
}

@article{mangasarian1990pattern,
  title={Pattern recognition via linear programming: Theory and application to medical diagnosis},
  author={O. L. Mangasarian and R. Setiono and W. H. Wolberg},
  journal={Large-scale numerical optimization},
  pages={22--31},
  year={1990}
}

@article{johnson1984extensions,
  title={Extensions of Lipschitz mappings into a Hilbert space},
  author={W. B. Johnson and J. Lindenstrauss},
  journal={Contemporary mathematics},
  volume={26},
  number={189-206},
  pages={1},
  year={1984}
}


@inproceedings{Jain2005,
	author="Jain, Anil K.  and Law, Martin H. C.",
	editor="Pal, Sankar K. and Bandyopadhyay, Sanghamitra and Biswas, Sambhunath",
	title="Data Clustering: A User's Dilemma",
	bookTitle="Pattern Recognition and Machine Intelligence: First International Conference, {PReMI} 2005, Kolkata, India, December 20-22, 2005. Proceedings",
	year="2005",
	publisher="Springer Berlin Heidelberg",
	address="Berlin, Heidelberg",
	pages="1--10",
	doi="10.1007/11590316_1",
}
%isbn="978-3-540-32420-1",
%url="https://doi.org/10.1007/11590316_1"

@article{PavlidisHT2016,
	author  = {N. G. Pavlidis and D. P. Hofmeyr and S. K. Tasoulis},
	title   = {Minimum Density Hyperplanes},
	journal = {Journal of Machine Learning Research},
	year    = {2016},
	volume  = {17},
	number  = {156},
	pages   = {1-33},
}
% url     = {http://jmlr.org/papers/v17/15-307.html}

@article{kernlab,
   author = {A. Karatzoglou and A. Smola and K. Hornik and A. Zeileis},
   title = {kernlab - An {S4} Package for Kernel Methods in {R}},
   journal = {Journal of Statistical Software},
   volume = {11},
   number = {9},
   year = {2004},
   pages = {1--20},
}
%   doi = {10.18637/jss.v011.i09},
%issn = {1548-7660},
%url = {https://www.jstatsoft.org/v011/i09}

@Article{LewisO2013,
	author="Lewis, Adrian S. and Overton, Michael L.",
	title="Nonsmooth optimization via quasi-Newton methods",
	journal="Mathematical Programming",
	year="2013",
	month="Oct",
	day="01",
	volume="141",
	number="1",
	pages="135--163",
	doi="10.1007/s10107-012-0514-2",
}
%issn="1436-4646",
%url="https://doi.org/10.1007/s10107-012-0514-2"

@article{PenaP2001,
	author = {Daniel Pe{\~n}a and Francisco J. Prieto},
	title = {Cluster Identification Using Projections},
	journal = {Journal of the American Statistical Association},
	volume = {96},
	number = {456},
	pages = {1433-1445},
	year = {2001},
	publisher = {[American Statistical Association, Taylor \& Francis, Ltd.]},
	doi = {10.1198/016214501753382345}
}

@misc{uci,
    author = "M. Lichman",
    title = "{UCI} Machine Learning Repository",
    url = "http://archive.ics.uci.edu/ml",
    institution = "University of California, Irvine, School of Information and Computer Sciences",
    year = "2013"
}

@article{RinaldoW2010,
	author = {A. Rinaldo and L. Wasserman},
	title = {Generalized Density Clustering},
	journal = {The Annals of Statistics},
	volume = {38},
	number = {5},
	pages = {2678--2722},
	doi = {10.1214/10-AOS797},
	year = {2010}
}

@inproceedings{Rosenberg2007,
  author={A. Rosenberg and J. Hirschberg},
  title={{V}-Measure: A Conditional Entropy-Based External Cluster Evaluation Measure.},
  booktitle={Empirical Methods in Natural Language Processing and Computational Natural Language Learning ({EMNLP-CoNLL})},
  volume={7},
  pages={410--420},
  year={2007},
  url = {http://www1.cs.columbia.edu/~amaxwell/pubs/v_measure-emnlp07.pdf}
}


@article{ZhaoK2004,
	author = {Y. Zhao and G. Karypis},
	title = {Empirical and Theoretical Comparisons of Selected Criterion Functions for 
		Document Clustering},
	journal = {Machine Learning},
	volume = {55},
	number = {3},
	year = {2004},
	pages = {311--331},
	doi = {10.1023/B:MACH.0000027785.44527.d6},
} 

@article{StrehlG2002,
	title={Cluster ensembles---a knowledge reuse framework for combining multiple partitions},
	author={A. Strehl and J. Ghosh},
	journal={Journal of Machine Learning Research},
	volume={3},
	pages={583--617},
	year={2002},
	month = {Dec},
	url = {http://www.jmlr.org/papers/v3/strehl02a.html}
}


@article{StuetzleN2010,
	author = {Werner Stuetzle and Rebecca Nugent},
	title = {A Generalized Single Linkage Method for Estimating the Cluster Tree of a Density},
	journal = {Journal of Computational and Graphical Statistics},
	volume = {19},
	number = {2},
	pages = {397-418},
	year  = {2010},
	publisher = {Taylor \& Francis},
	doi = {10.1198/jcgs.2009.07049}
}
%URL = {http://dx.doi.org/10.1198/jcgs.2009.07049},
%eprint = {http://dx.doi.org/10.1198/jcgs.2009.07049}

@article{TasoulisTP2010,
	author = {S. K. Tasoulis and D. K. Tasoulis and V. P. Plagianakos},
	title = {Enhancing principal direction divisive clustering},
	journal = {Pattern Recognition},
	volume = {43},
	number = {10},
	pages = {3391--3411},
	year = {2010}
}
	%doi = {10.1016/j.patcog.2010.05.025},

@incollection{WangH2016,
	title = {Learning from Small Sample Sets by Combining Unsupervised Meta-Training with CNNs},
	author = {Wang, Yu-Xiong and Hebert, Martial},
	booktitle = {Advances in Neural Information Processing Systems 29},
	editor = {D. D. Lee and M. Sugiyama and U. V. Luxburg and I. Guyon and R. Garnett},
	pages = {244--252},
	year = {2016},
	publisher = {Curran Associates, Inc.},
	url = {http://papers.nips.cc/paper/6408-learning-from-small-sample-sets-by-
	combining-unsupervised-meta-training-with-cnns.pdf}
}

@article{CuevasFF2001,
	author = {A. Cuevas and M. Febrero and R. Fraiman},
	title = {Cluster analysis: a further approach based on density estimation},
	journal = {Computational Statistics and Data Analysis},
	volume = {36},
	number = {4},
	pages = {441--459},
	doi = {10.1016/S0167-9473(00)00052-9},
	year = {2001}
}

@article{JainMF1999,
	author = {Jain, A. K. and Murty, M. N. and Flynn, P. J.},
	title = {Data Clustering: A Review},
	journal = {{ACM} Computing Surveys},
	volume = {31},
	number = {3},
	pages = {264--323},
	doi = {10.1145/331499.331504},
	publisher = {ACM},
	address = {New York, NY, USA},
	year = {1999}
} 

@manual{RCore,
	author ={{R Core Team}},
	title = {{R}: A Language and Environment for Statistical Computing},
	organization = {{R} Foundation for Statistical Computing},
	address = {Vienna, Austria},
	url = {https://www.R-project.org/},
	year = {2007}
}

@misc{Matlab,
	author = {The {M}ath{W}orks Inc},
	title = {{MATLAB} -- The Language of Technical Computing, Version R2016a},
	address = {Natick, Massachusetts},
	url = {http://www.mathworks.com/products/},
	year = {2016}
}

@article{GeorghiadesBK2001,
	author={A. S. Georghiades and P. N. Belhumeur and D. J. Kriegman},
	journal={{IEEE} Transactions on Pattern Analysis and Machine Intelligence},
	title={From few to many: illumination cone models for face recognition under variable lighting and pose},
	year={2001},
	volume={23},
	number={6},
	pages={643-660},
	doi={10.1109/34.927464},
	month={Jun}
}
%ISSN={0162-8828},


@article{Hubert1985,
	author="Hubert, Lawrence and Arabie, Phipps",
	title="Comparing partitions",
	journal="Journal of Classification",
	year="1985",
	month="Dec",
	day="01",
	volume="2",
	number="1",
	pages="193--218",
	doi="10.1007/BF01908075",
}
%issn="1432-1343",
%url="https://doi.org/10.1007/BF01908075"


@article{WangZZ2010,
	author = {Fei Wang and Bin Zhao and Changshui Zhang},
	title = {Linear Time Maximum Margin Clustering},
	journal = {{IEEE} Transactions on Neural Networks},
	volume = {21},
	number = {2},
	pages = {319--332},
	year = {2010},
	doi = {10.1109/TNN.2009.2036998},
}

@inproceedings{ArthurV2007,
	author = {D. Arthur and S. Vassilvitskii},
	title = {K-means++: The Advantages of Careful Seeding},
	booktitle = {Proceedings of the Eighteenth Annual {ACM-SIAM} Symposium on Discrete Algorithms},
	series = {SODA '07},
	year = {2007},
	pages = {1027--1035},
	url = {http://dl.acm.org/citation.cfm?id=1283383.1283494},
	publisher = {SIAM}
} 
%isbn = {978-0-898716-24-5},
%acmid = {1283494},


@incollection{Valizadegan2006,
	title = {Generalized Maximum Margin Clustering and Unsupervised Kernel Learning},
	author = {Hamed Valizadegan and Jin, Rong},
	booktitle = {Advances in Neural Information Processing Systems 19},
	editor = {P. B. Sch\"{o}lkopf and J. C. Platt and T. Hoffman},
	pages = {1417--1424},
	year = {2006},
	publisher = {MIT Press},
	url = {http://papers.nips.cc/paper/3072-generalized-maximum-margin-clustering-and-unsupervised-kernel-learning.pdf}
}

@article{ScholkopfSM1998,
	author = {B. Sch\"olkopf and A. Smola and K.-R. M\"uller},
	title = {Nonlinear Component Analysis as a Kernel Eigenvalue Problem},
	journal = {Neural Computation},
	volume = {10},
	number = {5},
	pages = {1299--1319},
	year = {1998},
}
	%doi = {10.1162/089976698300017467}

@incollection{NgJW2001,
	title = {On Spectral Clustering: Analysis and an algorithm},
	author = {A.~Y. Ng and M.~I. Jordan and Y. Weiss},
	booktitle = {Advances in Neural Information Processing Systems 14},
	pages = {849--856},
	year = {2001}
}
	%editor = {T. G. Dietterich and S. Becker and Z. Ghahramani},
	%publisher = {MIT Press},
	%url = {http://papers.nips.cc/paper/2092-on-spectral-clustering-analysis-and-an-algorithm.pdf}


@article{HofmeyrPE2016,
	title = "Divisive clustering of high dimensional data streams",
	keywords = "Clustering, Data stream, High dimensionality , Population drift, Modality testing",
	author = "David Hofmeyr and Nicos Pavlidis and Idris Eckley",
	note = "Publication is available at: http://link.springer.com/article/10.1007%2Fs11222-015-9597-y",
	year = "2016",
	month = "9",
	doi = "10.1007/s11222-015-9597-y",
	volume = "26",
	pages = "1101–1120",
	journal = "Statistics and Computing",
	issn = "0960-3174",
	publisher = "Springer",
	number = "5",
}

@inproceedings{DingL2007,
	author = {C. Ding and T. Li.},
	title = {Adaptive dimension reduction using discriminant analysis and $k$-means clustering},
	booktitle = {Proceedings of the 24th International Conference on Machine Learning},
	pages = {521--528}, 
	year = {2007}
}
	%editor = {Z. Ghahramani},


@techreport{MaatenPH2009,
	author = {L.~J.~P. van der Maaten and E.~O. Postma and H.~J. van den Herik},
	title = {Dimensionality Reduction: A Comparative Review},
	institution = {Tilburg University},
	number = {TiCC-TR 2009-005},
	year = {2009},
}
%	url = {https://lvdmaaten.github.io/publications/papers/TR_Dimensionality_Reduction_Review_2009.pdf}

@inproceedings{SteinbachKK2000,
        title={A comparison of document clustering techniques},
        author={M. Steinbach and G. Karypis and V. Kumar},
        booktitle={Workshop on text mining, {ACM} {SIGKDD} International Conference on Knowledge Discovery in Databases (KDD)},
        pages={525--526},
        year={2000}
}


@article{NiuDJ2014,
	author = {Niu, D. and Dy, J. G. and Jordan, M. I.},
	title = {Iterative Discovery of Multiple Alternative Clustering Views},
	journal = {{IEEE} Transactions on Pattern Analysis and Machine Intelligence},
	volume = {36},
	number = {7},
	pages = {1340--1353},
	year = {2014}
}

@book{Jolliffe1986,
	author = {I.~T. Jolliffe},
	title = {Principal Component Analysis},
	publisher = {Springer},
	year = {1986}
}

@article{BachJ2006,
	author = {F.~R. Bach and M.~I. Jordan},
	title = {Learning spectral clustering, with application to speech separation},
	journal = {Journal of Machine Learning Research},
	volume = {7},
	pages = {1963--2001},
	year = {2006}
}

@article{HagenK1992,
	author = {L. Hagen and A.~B. Kahng},
	title = {New spectral methods for ratio cut partitioning and clustering},
	journal = {{IEEE} Transactions on Computer-Aided Design of Integrated Circuits and Systems},
	volume = {11},
	number = {9},
	pages = {1074--1085},
	year = {1992}
}

@inproceedings{Morariu08,
	author =  {V.~I. Morariu and B.~V. Srinivasan and V.~C. Raykar and R. Duraiswami and L.~S. Davis},
	title = {Automatic online tuning for fast {G}aussian summation},
	booktitle = {Advances in Neural Information Processing Systems},
	pages = {1113--1120},
	year = {2008}
}
